3012 5048
277 319 320 383 64
425 358 427 362 -
639 319 838 380 PROPER'I'H
856 319 924 376 LlB.
942 321 978 376 Π.
999 325 1039 376 16,

367 481 442 549 Non
466 486 573 568 potuit
596 508 674 552 saxo
697 489 800 554 uitam
823 486 971 571 posuisse
995 484 1166 551 Cerauno?

410 590 440 655 Α
463 591 629 679 Neptune,
652 595 714 660 tibi
739 595 849 680 qualia
872 594 958 659 dona
981 593 1104 658 darem!

340 696 463 763 oNune
487 698 556 764 sine
579 722 630 765 me
653 701 751 785 plena
773 703 857 766 fiunt
879 700 1029 766 conuiuia
1052 722 1178 783 mensa,

410 801 506 869 Nunc
530 805 598 870 sine
622 829 673 874 me
696 811 767 873 totu
789 808 888 874 ianua
909 810 1004 873 noete
1027 809 1127 891 patet.

366 910 486 994 Quare,
510 913 539 977 si
562 914 664 998 sapis,
687 914 814 979 oblatas
838 936 878 978 ne
902 913 1011 978 desere
1034 935 1172 998 messes,

410 1017 455 1082 llt
478 1018 631 1084 stolidum
655 1021 750 1104 pleno
772 1021 892 1086 uellere
915 1042 1010 1104 carpe
1034 1041 1144 1103 pecus:

366 1123 503 1209 Deinde,
527 1125 583 1189 ubi
608 1129 800 1211 consumpto
824 1126 961 1191 restabit
982 1147 1114 1190 munere
1137 1148 1273 1210 pauper,

326 1249 358 1296 ro
412 1231 473 1297 Dic
496 1233 577 1298 alias
601 1233 719 1298 iterum
742 1234 878 1316 nauiget
900 1231 1038 1318 Illyrias.

371 1337 514 1423 Cynthia
534 1361 600 1404 non
624 1340 769 1425 sequitur
791 1340 910 1424 fasces,
932 1363 992 1406 nec
1015 1345 1106 1406 curat
1127 1341 1281 1406 honores:

414 1443 547 1528 Semper
570 1449 751 1512 amatorum
774 1446 933 1530 ponderat
954 1446 1011 1512 illa
1034 1449 1132 1513 sinus.

369 1550 415 1616 At
437 1554 473 1616 tu
496 1572 582 1616 nunc
604 1554 732 1637 nostro,
754 1549 878 1637 Venus,
901 1574 921 1617 o
944 1575 1094 1618 succurre
1117 1553 1234 1635 dolori,

413 1657 558 1742 Rumpat
581 1663 617 1723 ut
639 1658 777 1724 assiduis
800 1659 945 1724 membra
967 1659 1167 1726 libidinibus.

327 1781 359 1829 15
369 1763 458 1850 Ergo
482 1766 669 1831 muneribus
693 1766 799 1850 quiuis
823 1770 985 1830 mercatur
1007 1767 1172 1832 amorem?

413 1871 574 1956 Iuppiter,
596 1871 730 1956 indigna
753 1893 858 1937 meroe
881 1872 989 1957 puella
1012 1874 1107 1957 perit.

373 1977 506 2062 Semper
527 1979 561 2043 in
584 1979 747 2045 Oceanum
770 1979 873 2044 mittit
895 2001 958 2045 me·
971 2002 1124 2074 quaerere
1147 2002 1303 2067 gemmas,

415 2086 461 2150 Et
483 2085 573 2151 iubet
595 2107 634 2150 ex
656 2087 729 2169 ipsa
751 2087 866 2150 tollore
890 2086 976 2152 dona
999 2087 1094 2172 Tyro

370 2192 479 2278 Atque
502 2192 627 2256 utinam
651 2189 773 2256 Romae
797 2213 891 2256 nemo
915 2196 1001 2257 esset
1023 2193 1128 2279 diues,
1151 2194 1274 2278 etipse

326 2317 361 2365 ao
416 2298 599 2365 Straminea
620 2302 732 2382 posset
754 2298 818 2363 dux
840 2298 991 2363 habitare
1012 2321 1101 2365 oasa:

370 2407 556 2490 Numquam
579 2405 710 2469 uenales
734 2409 842 2469 essent
864 2405 904 2468 ed
927 2428 1044 2470 munus
1068 2407 1203 2490 amicae,

416 2513 523 2596 Atque
546 2535 611 2577 una
633 2511 726 2575 fieret
748 2532 830 2576 cana
853 2513 961 2595 puella
984 2513 1093 2579 domo!

371 2620 447 2686 Non
471 2619 547 2704 quia
570 2622 720 2701 septenas
742 2621 855 2682 noctes
879 2619 1025 2684 seiuncta
1047 2620 1189 2705 suberis,

416 2716 561 2792 Candida
583 2727 652 2789 tam
674 2723 769 2788 foedo
793 2723 928 2789 brachia
949 2725 1023 2790 fusa
1046 2726 1131 2810 uiro,

327 2835 447 2902 ocNon
470 2833 546 2917 quia
568 2831 712 2914 peccaris
736 2830 854 2916 (testor
876 2830 936 2917 te),
960 2833 1015 2896 sed
1039 2834 1115 2917 quia
1138 2835 1237 2919 uulgo

415 2940 582 3007 Formosis
605 2939 724 3003 leuitas
748 2960 873 3023 semper
896 2940 1001 3004 amica
1023 2938 1094 3006 fuit.

272 3031 274 3035 ⁸
371 3048 535 3113 Barbarus
560 3045 697 3110 exclusis
721 3045 826 3130 agitat
848 3047 989 3132 uestigia
1011 3048 1120 3132 nobis,

416 3153 462 3218 Et
486 3153 593 3217 subito
617 3151 694 3216 felix
717 3174 803 3216 nuuc
826 3175 898 3217 mea
920 3174 1021 3239 regna
1043 3158 1139 3220 tenet

372 3263 491 3346 Aspice
515 3259 592 3344 quid
615 3258 708 3323 donis
731 3257 889 3343 Eriphyla
911 3260 1037 3325 inuenit
1060 3263 1193 3344 amaris,

354 3458 424 3513 Vra.
445 3474 521 3509 eser.
557 3459 574 3507 4
592 3453 637 3507 Ha
655 3457 676 3504 F
695 3451 739 3506 Ah
757 3453 898 3522 1111119
917 3453 977 3524 ubi]
997 3453 1043 3508 oui
1060 3459 1081 3505 F
1099 3471 1133 3508 m.
1153 3455 1241 3523 11110
1259 3453 1327 3510 illir.
1345 3461 1367 3506 F
1381 3460 1405 3508 11
1427 3459 1434 3526 l

284 3559 315 3606 11
336 3556 361 3605 et
381 3555 413 3602 11
429 3550 493 3616 post
514 3550 546 3597 16
562 3542 644 3611 pouit
660 3538 839 3608 Foctce'uius,
857 3543 929 3609 qood
945 3543 1035 3610 placet
1048 3543 1058 3612 ΙΙ
1073 3548 1104 3596 11
1124 3542 1176 3597 illc
1189 3549 1210 3596 Β
1225 3549 1259 3597 V:
1280 3560 1336 3598 una
1350 3550 1371 3596 Β
1386 3549 1411 3596 11
1426 3547 1435 3616 ll

285 3648 317 3694 13
336 3657 353 3695 0
372 3641 404 3692 ic
417 3641 440 3688 V
459 3652 492 3689 m.
513 3640 532 3689 2
552 3633 616 3687 add.
646 3634 650 3698 1
680 3646 792 3684 sucurre
810 3635 834 3681 11
861 3631 871 3699 ΙΙ
899 3636 931 3683 15
954 3631 1073 3715 amicam
1092 3636 1127 3700 r,
1145 3637 1171 3686 et
1188 3638 1209 3685 Β
1228 3649 1280 3702 my.
1298 3649 1352 3701 pro
1369 3651 1435 3722 aar.

284 3732 340 3782 lect.
365 3729 375 3796 ΙΙ
399 3731 432 3779 16
451 3722 558 3792 Iupiter
576 3725 635 3773 HV
660 3721 664 3787 Ι
687 3718 832 3789 indignum
853 3735 869 3776 ς
889 3720 1043 3774 Palmerc'us
1064 3721 1074 3790 ΙΙ
1102 3726 1133 3775 11
1154 3737 1306 3776 occeanum
1325 3726 1345 3773 0
1367 3723 1378 3791 l
1400 3728 1435 3777 18

283 3819 345 3886 ipsa
363 3831 392 3872 s:
411 3813 473 3882 ipso
493 3815 511 3861 0
530 3811 540 3878 ΙΙ
558 3815 591 3861 11
612 3807 740 3861 adminus
758 3808 819 3876 (my.
838 3825 872 3862 m.
892 3811 911 3862 2
930 3809 1041 3876 munus)
1060 3814 1080 3860 Ε
1102 3809 1113 3878 ΙΙ
1135 3814 1168 3862 11
1188 3808 1285 3880 domo]
1304 3809 1367 3865 uiro
1386 3816 1407 3862 P
1427 3811 1435 3882 11

217 3939 220 3944 ,
284 3912 317 3962 23
347 3903 507 3969 Numquam
527 3898 657 3965 septenas
672 3926 702 3933 —
720 3894 836 3950 cubares
856 3897 915 3964 (boc
934 3898 1015 3965 Itale)
1034 3898 1070 3954 A.
1090 3897 1199 3952 Palmae
1227 3899 1232 3966 Ι
1261 3899 1394 3954 seuincta
1410 3905 1434 3952 11

284 3995 410 4050 semuote
429 3987 544 4044 cubabis
562 3991 597 4053 1³,
615 4001 684 4040 corr.
703 4002 737 4038 m.
756 3989 776 4040 2
803 3987 813 4053 ΙΙ
839 3992 873 4039 14
893 3987 951 4040 lero
971 3986 1000 4056 (d
1018 4004 1106 4056 supra
1124 4004 1188 4042 rm.
1208 3989 1239 4056 2)
1258 3993 1279 4039 Β
1298 3986 1365 4042 fedo
1385 3989 1432 4060 111

283 4081 417 4140 bracchia
434 4085 455 4132 Β
470 4082 493 4129 V
513 4077 579 4144 (uon
596 4075 628 4144 F)
651 4075 661 4143 11
684 4079 716 4127 16
735 4074 858 4143 peccaris
878 4090 894 4131 ς
912 4074 1079 4128 Beroaldus:
1097 4074 1237 4144 peccarim
1256 4079 1275 4126 0
1300 4077 1306 4145 Ι
1328 4075 1366 4130 s&
1385 4082 1408 4129 V
1425 4077 1434 4148 11

284 4180 316 4228 17
346 4167 467 4226 exclusis
486 4171 518 4220 0:
538 4161 656 4220 exclusit
673 4167 698 4215 V
715 4162 873 4220 excussiss
898 4166 902 4231 Ι
928 4162 1043 4217 fastidia
1061 4164 1196 4218 Heinsius
1225 4165 1229 4224 Ι
1257 4162 1341 4218 nobis
1361 4166 1433 4235 Apr-

283 4277 415 4318 mormas:
434 4255 537 4311 lumbis
557 4255 656 4323 01119
676 4250 796 4320 eriphile
814 4257 872 4303 FN
892 4250 1068 4319 eriphyll(a)e
1086 4259 1107 4304 Β
1122 4257 1157 4322 V,
1181 4252 1309 4322 eriphyla
1330 4271 1347 4312 ς
1368 4258 1373 4320 l
1393 4255 1433 4308 in-

283 4351 363 4406 uenit
394 4345 487 4403 auaris
519 4342 668 4398 Mutunus
698 4339 773 4394 fierit
803 4340 904 4394 amatis
936 4340 1070 4394 Haedus
1100 4340 1241 4396 inuenerit
1273 4343 1368 4398 aureis
1395 4343 1432 4400 Η.

185 4486 190 4498 .
285 4439 408 4494 Boeseta
