<?xml version="1.0" encoding="UTF-8"?>
<!DOCTYPE html PUBLIC "-//W3C//DTD XHTML 1.0 Transitional//EN"
    "http://www.w3.org/TR/xhtml1/DTD/xhtml1-transitional.dtd">
<html xmlns="http://www.w3.org/1999/xhtml" xml:lang="en" lang="en">
 <head>
  <title>
</title>
<meta http-equiv="Content-Type" content="text/html;charset=utf-8" />
  <meta name='ocr-system' content='tesseract 3.04.00' />
  <meta name='ocr-capabilities' content='ocr_page ocr_carea ocr_par ocr_line ocrx_word'/>
</head>
<body>
  <div class='ocr_page' id='page_1' title='image "./elegiarumlibrii00propgoog_0257.png"; bbox 0 0 3046 5032; ppageno 0'>
   <div class='ocr_carea' id='block_1_1' title="bbox 248 307 1023 376">
    <p class='ocr_par' dir='ltr' id='par_1_1' title="bbox 248 307 1023 376">
     <span class='ocr_line' id='line_1_1' title="bbox 248 307 1023 376; baseline -0.01 0"><span class='ocrx_word' id='word_1_1' title='bbox 248 309 312 376; x_wconf 87' lang='grc'><strong>196</strong></span> <span class='ocrx_word' id='word_1_2' title='bbox 611 307 808 368; x_wconf 77' lang='lat' dir='ltr'>PROPERTII</span> <span class='ocrx_word' id='word_1_3' title='bbox 826 311 894 368; x_wconf 85' lang='lat' dir='ltr'><strong>LIB.</strong></span> <span class='ocrx_word' id='word_1_4' title='bbox 914 309 961 368; x_wconf 89' lang='lat' dir='ltr'><strong>IV.</strong></span> <span class='ocrx_word' id='word_1_5' title='bbox 981 317 1023 368; x_wconf 90' lang='lat'><strong>11.</strong></span> 
     </span>
    </p>
   </div>
   <div class='ocr_carea' id='block_1_2' title="bbox 290 473 1323 3016">
    <p class='ocr_par' dir='ltr' id='par_1_2' title="bbox 290 473 1323 3016">
     <span class='ocr_line' id='line_1_2' title="bbox 378 473 1147 560; baseline 0.001 -20"><span class='ocrx_word' id='word_1_6' title='bbox 378 473 447 540; x_wconf 89' lang='lat' dir='ltr'><strong>Nec</strong></span> <span class='ocrx_word' id='word_1_7' title='bbox 470 473 604 539; x_wconf 84' lang='lat' dir='ltr'><strong>meede</strong></span> <span class='ocrx_word' id='word_1_8' title='bbox 629 474 731 540; x_wconf 70' lang='lat' dir='ltr'><strong>sterili</strong></span> <span class='ocrx_word' id='word_1_9' title='bbox 754 475 842 540; x_wconf 81' lang='lat' dir='ltr'><strong>facta</strong></span> <span class='ocrx_word' id='word_1_10' title='bbox 864 476 979 560; x_wconf 78' lang='lat' dir='ltr'><strong>rapina</strong></span> <span class='ocrx_word' id='word_1_11' title='bbox 1003 476 1107 541; x_wconf 89' lang='lat' dir='ltr'><strong>domo.</strong></span> <span class='ocrx_word' id='word_1_12' title='bbox 1145 503 1147 507; x_wconf 94' lang='lat'>·</span> 
     </span>
     <span class='ocr_line' id='line_1_3' title="bbox 335 580 1323 667; baseline 0.003 -22"><span class='ocrx_word' id='word_1_13' title='bbox 335 580 397 664; x_wconf 86' lang='lat' dir='ltr'><strong>Tu,</strong></span> <span class='ocrx_word' id='word_1_14' title='bbox 420 580 610 665; x_wconf 73' lang='lat' dir='ltr'><strong>Lepide,&#39;et</strong></span> <span class='ocrx_word' id='word_1_15' title='bbox 633 583 683 664; x_wconf 71' lang='lat' dir='ltr'><strong>iu,</strong></span> <span class='ocrx_word' id='word_1_16' title='bbox 706 582 819 665; x_wconf 80' lang='lat' dir='ltr'><strong>Paule,</strong></span> <span class='ocrx_word' id='word_1_17' title='bbox 841 605 949 648; x_wconf 87' lang='lat' dir='ltr'><strong>meum</strong></span> <span class='ocrx_word' id='word_1_18' title='bbox 971 586 1047 666; x_wconf 77' lang='lat' dir='ltr'><strong>posi</strong></span> <span class='ocrx_word' id='word_1_19' title='bbox 1069 582 1138 648; x_wconf 77' lang='lat' dir='ltr'><strong>faia</strong></span> <span class='ocrx_word' id='word_1_20' title='bbox 1160 583 1323 667; x_wconf 83' lang='lat' dir='ltr'><strong>leuamen,</strong></span> 
     </span>
     <span class='ocr_line' id='line_1_4' title="bbox 291 687 1139 755; baseline 0 -1"><span class='ocrx_word' id='word_1_21' title='bbox 291 705 326 754; x_wconf 81' lang='grc'><strong>64</strong></span> <span class='ocrx_word' id='word_1_22' title='bbox 381 687 520 754; x_wconf 78' lang='lat' dir='ltr'><strong>Condita</strong></span> <span class='ocrx_word' id='word_1_23' title='bbox 543 692 620 752; x_wconf 78' lang='lat' dir='ltr'><strong>sunt</strong></span> <span class='ocrx_word' id='word_1_24' title='bbox 642 692 752 754; x_wconf 76' lang='lat' dir='ltr'><strong>uestro</strong></span> <span class='ocrx_word' id='word_1_25' title='bbox 776 689 900 754; x_wconf 89' lang='lat' dir='ltr'><strong>lumina</strong></span> <span class='ocrx_word' id='word_1_26' title='bbox 922 693 1036 755; x_wconf 78' lang='lat' dir='ltr'><strong>nostra</strong></span> <span class='ocrx_word' id='word_1_27' title='bbox 1059 691 1139 754; x_wconf 86' lang='lat' dir='ltr'><strong>sinu.</strong></span> 
     </span>
     <span class='ocr_line' id='line_1_5' title="bbox 290 793 1148 881; baseline 0 -21"><span class='ocrx_word' id='word_1_28' title='bbox 290 811 324 860; x_wconf 90' lang='grc'><strong>67</strong></span> <span class='ocrx_word' id='word_1_29' title='bbox 334 793 431 880; x_wconf 78' lang='lat' dir='ltr'><strong>Filia,</strong></span> <span class='ocrx_word' id='word_1_30' title='bbox 454 797 490 860; x_wconf 74' lang='lat' dir='ltr'><strong>tu</strong></span> <span class='ocrx_word' id='word_1_31' title='bbox 514 794 678 878; x_wconf 80' lang='lat' dir='ltr'><strong>specimen</strong></span> <span class='ocrx_word' id='word_1_32' title='bbox 701 817 856 860; x_wconf 81' lang='lat' dir='ltr'>censurae</span> <span class='ocrx_word' id='word_1_33' title='bbox 879 801 958 862; x_wconf 78' lang='lat' dir='ltr'><strong>nata</strong></span> <span class='ocrx_word' id='word_1_34' title='bbox 980 800 1148 881; x_wconf 76' lang='lat' dir='ltr'><strong>paternae,</strong></span> 
     </span>
     <span class='ocr_line' id='line_1_6' title="bbox 290 900 1076 968; baseline 0 -2"><span class='ocrx_word' id='word_1_35' title='bbox 290 917 324 966; x_wconf 85' lang='grc'><strong>66</strong></span> <span class='ocrx_word' id='word_1_36' title='bbox 378 900 443 966; x_wconf 79' lang='lat' dir='ltr'><strong>Fac</strong></span> <span class='ocrx_word' id='word_1_37' title='bbox 465 905 576 966; x_wconf 73' lang='lat' dir='ltr'><strong>teneas</strong></span> <span class='ocrx_word' id='word_1_38' title='bbox 600 924 700 968; x_wconf 89' lang='lat' dir='ltr'><strong>unum</strong></span> <span class='ocrx_word' id='word_1_39' title='bbox 722 923 783 966; x_wconf 89' lang='lat' dir='ltr'><strong>nos</strong></span> <span class='ocrx_word' id='word_1_40' title='bbox 807 901 935 967; x_wconf 70' lang='lat' dir='ltr'><strong>imitata</strong></span> <span class='ocrx_word' id='word_1_41' title='bbox 957 902 1076 967; x_wconf 90' lang='lat' dir='ltr'><strong>uirum:</strong></span> 
     </span>
     <span class='ocr_line' id='line_1_7' title="bbox 292 1007 1158 1093; baseline 0 -21"><span class='ocrx_word' id='word_1_42' title='bbox 292 1007 426 1074; x_wconf 78' lang='lat' dir='ltr'><strong>&#39;11Haee</strong></span> <span class='ocrx_word' id='word_1_43' title='bbox 449 1010 500 1078; x_wconf 68' lang='lat' dir='ltr'><strong>est</strong></span> <span class='ocrx_word' id='word_1_44' title='bbox 521 1007 651 1072; x_wconf 88' lang='lat' dir='ltr'><strong>feminei</strong></span> <span class='ocrx_word' id='word_1_45' title='bbox 674 1029 797 1072; x_wconf 87' lang='lat' dir='ltr'><strong>merces</strong></span> <span class='ocrx_word' id='word_1_46' title='bbox 821 1011 966 1074; x_wconf 78' lang='lat' dir='ltr'><strong>extrema</strong></span> <span class='ocrx_word' id='word_1_47' title='bbox 987 1009 1158 1093; x_wconf 73' lang='lat' dir='ltr'><strong>triumphi,</strong></span> 
     </span>
     <span class='ocr_line' id='line_1_8' title="bbox 291 1112 1152 1181; baseline 0 -1"><span class='ocrx_word' id='word_1_48' title='bbox 291 1131 325 1181; x_wconf 76' lang='grc'><strong>76</strong></span> <span class='ocrx_word' id='word_1_49' title='bbox 379 1112 505 1179; x_wconf 79' lang='lat' dir='ltr'><strong>Laudat</strong></span> <span class='ocrx_word' id='word_1_50' title='bbox 527 1115 584 1180; x_wconf 89' lang='lat' dir='ltr'><strong>ubi</strong></span> <span class='ocrx_word' id='word_1_51' title='bbox 607 1115 776 1180; x_wconf 69' lang='lat' dir='ltr'><strong>emericum</strong></span> <span class='ocrx_word' id='word_1_52' title='bbox 799 1116 902 1180; x_wconf 88' lang='lat' dir='ltr'><strong>libera</strong></span> <span class='ocrx_word' id='word_1_53' title='bbox 923 1115 1013 1180; x_wconf 86' lang='lat' dir='ltr'><strong>fama</strong></span> <span class='ocrx_word' id='word_1_54' title='bbox 1035 1120 1152 1181; x_wconf 70' lang='lat' dir='ltr'><strong>iorum.</strong></span> 
     </span>
     <span class='ocr_line' id='line_1_9' title="bbox 291 1220 1148 1308; baseline 0 -22"><span class='ocrx_word' id='word_1_55' title='bbox 291 1220 379 1286; x_wconf 78' lang='lat' dir='ltr'><strong>seEt</strong></span> <span class='ocrx_word' id='word_1_56' title='bbox 402 1221 483 1286; x_wconf 89' lang='lat' dir='ltr'><strong>serie</strong></span> <span class='ocrx_word' id='word_1_57' title='bbox 507 1220 619 1287; x_wconf 73' lang='lat' dir='ltr'><strong>fulcite</strong></span> <span class='ocrx_word' id='word_1_58' title='bbox 643 1243 758 1308; x_wconf 82' lang='lat' dir='ltr'><strong>genus:</strong></span> <span class='ocrx_word' id='word_1_59' title='bbox 782 1221 863 1286; x_wconf 91' lang='lat' dir='ltr'><strong>mihi</strong></span> <span class='ocrx_word' id='word_1_60' title='bbox 886 1224 1002 1306; x_wconf 85' lang='lat' dir='ltr'>cymba</span> <span class='ocrx_word' id='word_1_61' title='bbox 1025 1223 1148 1288; x_wconf 77' lang='lat' dir='ltr'><strong>uolenti</strong></span> 
     </span>
     <span class='ocr_line' id='line_1_10' title="bbox 291 1326 1065 1394; baseline 0 -2"><span class='ocrx_word' id='word_1_62' title='bbox 291 1343 325 1392; x_wconf 88' lang='grc'><strong>70</strong></span> <span class='ocrx_word' id='word_1_63' title='bbox 381 1326 525 1393; x_wconf 78' lang='lat' dir='ltr'><strong>Soluitur</strong></span> <span class='ocrx_word' id='word_1_64' title='bbox 549 1330 691 1393; x_wconf 81' lang='lat' dir='ltr'><strong>aucturis</strong></span> <span class='ocrx_word' id='word_1_65' title='bbox 715 1332 766 1394; x_wconf 73' lang='lat' dir='ltr'><strong>cot</strong></span> <span class='ocrx_word' id='word_1_66' title='bbox 788 1350 861 1394; x_wconf 89' lang='lat' dir='ltr'><strong>mea</strong></span> <span class='ocrx_word' id='word_1_67' title='bbox 882 1328 952 1392; x_wconf 73' lang='lat' dir='ltr'><strong>fate</strong></span> <span class='ocrx_word' id='word_1_68' title='bbox 975 1329 1065 1394; x_wconf 81' lang='lat' dir='ltr'><strong>maie.</strong></span> 
     </span>
     <span class='ocr_line' id='line_1_11' title="bbox 292 1432 1235 1521; baseline 0.001 -22"><span class='ocrx_word' id='word_1_69' title='bbox 292 1451 324 1500; x_wconf 86' lang='grc'><strong>73</strong></span> <span class='ocrx_word' id='word_1_70' title='bbox 334 1432 430 1500; x_wconf 91' lang='lat' dir='ltr'><strong>Nune</strong></span> <span class='ocrx_word' id='word_1_71' title='bbox 453 1435 515 1500; x_wconf 78' lang='lat' dir='ltr'><strong>cibi</strong></span> <span class='ocrx_word' id='word_1_72' title='bbox 537 1436 728 1502; x_wconf 87' lang='lat' dir='ltr'><strong>commendo</strong></span> <span class='ocrx_word' id='word_1_73' title='bbox 752 1437 938 1502; x_wconf 89' lang='lat' dir='ltr'><strong>communia</strong></span> <span class='ocrx_word' id='word_1_74' title='bbox 961 1437 1100 1521; x_wconf 84' lang='lat' dir='ltr'><strong>pignora</strong></span> <span class='ocrx_word' id='word_1_75' title='bbox 1122 1440 1235 1501; x_wconf 78' lang='lat' dir='ltr'><strong>naios:</strong></span> 
     </span>
     <span class='ocr_line' id='line_1_12' title="bbox 378 1540 1110 1629; baseline 0.001 -23"><span class='ocrx_word' id='word_1_76' title='bbox 378 1540 470 1607; x_wconf 89' lang='lat' dir='ltr'><strong>Haec</strong></span> <span class='ocrx_word' id='word_1_77' title='bbox 491 1564 569 1607; x_wconf 82' lang='lat' dir='ltr'><strong>eura</strong></span> <span class='ocrx_word' id='word_1_78' title='bbox 591 1545 625 1607; x_wconf 74' lang='lat' dir='ltr'><strong>et</strong></span> <span class='ocrx_word' id='word_1_79' title='bbox 647 1543 749 1608; x_wconf 87' lang='lat' dir='ltr'><strong>cineri</strong></span> <span class='ocrx_word' id='word_1_80' title='bbox 772 1543 876 1629; x_wconf 78' lang='lat' dir='ltr'><strong>spirat</strong></span> <span class='ocrx_word' id='word_1_81' title='bbox 898 1545 1006 1608; x_wconf 77' lang='lat' dir='ltr'><strong>inusta</strong></span> <span class='ocrx_word' id='word_1_82' title='bbox 1029 1565 1110 1609; x_wconf 90' lang='lat' dir='ltr'><strong>meo.</strong></span> 
     </span>
     <span class='ocr_line' id='line_1_13' title="bbox 292 1648 1202 1735; baseline 0.002 -23"><span class='ocrx_word' id='word_1_83' title='bbox 292 1663 325 1712; x_wconf 84' lang='grc'><strong>76</strong></span> <span class='ocrx_word' id='word_1_84' title='bbox 337 1648 484 1733; x_wconf 84' lang='lat' dir='ltr'><strong>Fungere</strong></span> <span class='ocrx_word' id='word_1_85' title='bbox 507 1649 662 1715; x_wconf 79' lang='lat' dir='ltr'><strong>maternis</strong></span> <span class='ocrx_word' id='word_1_86' title='bbox 686 1650 825 1735; x_wconf 88' lang='lat' dir='ltr'><strong>uicibus,</strong></span> <span class='ocrx_word' id='word_1_87' title='bbox 847 1653 954 1734; x_wconf 76' lang='lat' dir='ltr'><strong>pater:</strong></span> <span class='ocrx_word' id='word_1_88' title='bbox 977 1651 1035 1715; x_wconf 87' lang='lat' dir='ltr'><strong>illa</strong></span> <span class='ocrx_word' id='word_1_89' title='bbox 1058 1671 1202 1714; x_wconf 90' lang='lat' dir='ltr'><strong>meorum</strong></span> 
     </span>
     <span class='ocr_line' id='line_1_14' title="bbox 380 1744 1067 1822; baseline 0.003 -2"><span class='ocrx_word' id='word_1_90' title='bbox 380 1755 493 1820; x_wconf 91' lang='lat' dir='ltr'><strong>Omnis</strong></span> <span class='ocrx_word' id='word_1_91' title='bbox 518 1755 580 1820; x_wconf 74' lang='lat' dir='ltr'><strong>erit</strong></span> <span class='ocrx_word' id='word_1_92' title='bbox 602 1756 686 1822; x_wconf 91' lang='lat' dir='ltr'><strong>collo</strong></span> <span class='ocrx_word' id='word_1_93' title='bbox 705 1757 806 1821; x_wconf 77' lang='lat' dir='ltr'><strong>¹turba</strong></span> <span class='ocrx_word' id='word_1_94' title='bbox 828 1756 969 1822; x_wconf 86' lang='lat' dir='ltr'><strong>fouenda</strong></span> <span class='ocrx_word' id='word_1_95' title='bbox 991 1744 1067 1822; x_wconf 73' lang='lat' dir='ltr'><strong>tuo.¹</strong></span> 
     </span>
     <span class='ocr_line' id='line_1_15' title="bbox 340 1861 1234 1946; baseline 0 -20"><span class='ocrx_word' id='word_1_96' title='bbox 340 1861 457 1928; x_wconf 85' lang='lat' dir='ltr'><strong>Oscula</strong></span> <span class='ocrx_word' id='word_1_97' title='bbox 480 1883 551 1926; x_wconf 90' lang='lat' dir='ltr'><strong>cum</strong></span> <span class='ocrx_word' id='word_1_98' title='bbox 576 1863 701 1928; x_wconf 87' lang='lat' dir='ltr'><strong>dederis</strong></span> <span class='ocrx_word' id='word_1_99' title='bbox 725 1866 782 1927; x_wconf 73' lang='lat' dir='ltr'><strong>cue</strong></span> <span class='ocrx_word' id='word_1_100' title='bbox 804 1862 971 1946; x_wconf 71' lang='lat' dir='ltr'><strong>flentibus,</strong></span> <span class='ocrx_word' id='word_1_101' title='bbox 994 1863 1084 1928; x_wconf 87' lang='lat' dir='ltr'><strong>adice</strong></span> <span class='ocrx_word' id='word_1_102' title='bbox 1106 1864 1234 1928; x_wconf 75' lang='lat' dir='ltr'><strong>matris:</strong></span> 
     </span>
     <span class='ocr_line' id='line_1_16' title="bbox 381 1965 1163 2054; baseline 0.001 -22"><span class='ocrx_word' id='word_1_103' title='bbox 381 1967 466 2033; x_wconf 72' lang='lat' dir='ltr'><strong>Tota</strong></span> <span class='ocrx_word' id='word_1_104' title='bbox 489 1967 604 2032; x_wconf 89' lang='lat' dir='ltr'><strong>domus</strong></span> <span class='ocrx_word' id='word_1_105' title='bbox 627 1970 733 2054; x_wconf 71' lang='lat' dir='ltr'><strong>eoepit</strong></span> <span class='ocrx_word' id='word_1_106' title='bbox 756 1991 841 2034; x_wconf 91' lang='lat' dir='ltr'><strong>nunc</strong></span> <span class='ocrx_word' id='word_1_107' title='bbox 865 1990 946 2034; x_wconf 90' lang='lat' dir='ltr'><strong>onus</strong></span> <span class='ocrx_word' id='word_1_108' title='bbox 969 1990 1039 2032; x_wconf 88' lang='lat' dir='ltr'><strong>esse</strong></span> <span class='ocrx_word' id='word_1_109' title='bbox 1063 1965 1163 2033; x_wconf 82' lang='lat' dir='ltr'><strong>tuum.</strong></span> 
     </span>
     <span class='ocr_line' id='line_1_17' title="bbox 334 2074 1173 2160; baseline -0.001 -21"><span class='ocrx_word' id='word_1_110' title='bbox 334 2074 380 2139; x_wconf 78' lang='lat' dir='ltr'><strong>Et</strong></span> <span class='ocrx_word' id='word_1_111' title='bbox 403 2076 431 2140; x_wconf 95' lang='lat' dir='ltr'><strong>si</strong></span> <span class='ocrx_word' id='word_1_112' title='bbox 449 2074 530 2159; x_wconf 80' lang='lat' dir='ltr'><strong>,quid</strong></span> <span class='ocrx_word' id='word_1_113' title='bbox 555 2074 714 2140; x_wconf 71' lang='lat' dir='ltr'><strong>doliturus</strong></span> <span class='ocrx_word' id='word_1_114' title='bbox 739 2076 816 2160; x_wconf 87' lang='lat' dir='ltr'><strong>eris,</strong></span> <span class='ocrx_word' id='word_1_115' title='bbox 840 2076 909 2140; x_wconf 89' lang='lat' dir='ltr'><strong>sine</strong></span> <span class='ocrx_word' id='word_1_116' title='bbox 931 2075 1069 2140; x_wconf 77' lang='lat' dir='ltr'><strong>testibus</strong></span> <span class='ocrx_word' id='word_1_117' title='bbox 1093 2075 1173 2139; x_wconf 89' lang='lat' dir='ltr'><strong>illis:</strong></span> 
     </span>
     <span class='ocr_line' id='line_1_18' title="bbox 290 2180 1102 2268; baseline 0.001 -23"><span class='ocrx_word' id='word_1_118' title='bbox 290 2197 325 2246; x_wconf 87' lang='grc'><strong>86</strong></span> <span class='ocrx_word' id='word_1_119' title='bbox 380 2180 461 2247; x_wconf 78' lang='lat' dir='ltr'><strong>Cum</strong></span> <span class='ocrx_word' id='word_1_120' title='bbox 485 2181 629 2267; x_wconf 73' lang='lat' dir='ltr'><strong>uenient,</strong></span> <span class='ocrx_word' id='word_1_121' title='bbox 653 2183 745 2248; x_wconf 87' lang='lat' dir='ltr'><strong>siccis</strong></span> <span class='ocrx_word' id='word_1_122' title='bbox 769 2183 880 2248; x_wconf 86' lang='lat' dir='ltr'><strong>oscula</strong></span> <span class='ocrx_word' id='word_1_123' title='bbox 901 2182 978 2247; x_wconf 84' lang='lat' dir='ltr'><strong>falle</strong></span> <span class='ocrx_word' id='word_1_124' title='bbox 1002 2182 1102 2268; x_wconf 82' lang='lat' dir='ltr'><strong>genis.</strong></span> 
     </span>
     <span class='ocr_line' id='line_1_19' title="bbox 336 2286 1261 2375; baseline 0.002 -22"><span class='ocrx_word' id='word_1_125' title='bbox 336 2286 479 2354; x_wconf 67' lang='grc'><strong>866661</strong></span> <span class='ocrx_word' id='word_1_126' title='bbox 502 2289 819 2375; x_wconf 74' lang='grc'><strong>6161666166,6666</strong></span> <span class='ocrx_word' id='word_1_127' title='bbox 843 2291 882 2354; x_wconf 90' lang='lat' dir='ltr'><strong>de</strong></span> <span class='ocrx_word' id='word_1_128' title='bbox 905 2311 970 2368; x_wconf 90' lang='lat' dir='ltr'><strong>me,</strong></span> <span class='ocrx_word' id='word_1_129' title='bbox 993 2288 1106 2373; x_wconf 82' lang='lat' dir='ltr'><strong>Paule,</strong></span> <span class='ocrx_word' id='word_1_130' title='bbox 1129 2289 1261 2375; x_wconf 78' lang='lat' dir='ltr'><strong>fatiges,</strong></span> 
     </span>
     <span class='ocr_line' id='line_1_20' title="bbox 382 2394 1185 2480; baseline -0.001 -20"><span class='ocrx_word' id='word_1_131' title='bbox 382 2394 578 2480; x_wconf 85' lang='lat' dir='ltr'><strong>Somniaque</strong></span> <span class='ocrx_word' id='word_1_132' title='bbox 601 2395 635 2461; x_wconf 93' lang='lat' dir='ltr'><strong>in</strong></span> <span class='ocrx_word' id='word_1_133' title='bbox 658 2395 773 2460; x_wconf 86' lang='lat' dir='ltr'><strong>faciem</strong></span> <span class='ocrx_word' id='word_1_134' title='bbox 796 2396 922 2461; x_wconf 78' lang='lat' dir='ltr'><strong>reddita</strong></span> <span class='ocrx_word' id='word_1_135' title='bbox 946 2417 1041 2478; x_wconf 80' lang='lat' dir='ltr'><strong>saepe</strong></span> <span class='ocrx_word' id='word_1_136' title='bbox 1065 2417 1185 2460; x_wconf 86' lang='lat' dir='ltr'><strong>meam:</strong></span> 
     </span>
     <span class='ocr_line' id='line_1_21' title="bbox 337 2502 1248 2587; baseline 0 -21"><span class='ocrx_word' id='word_1_137' title='bbox 337 2503 444 2587; x_wconf 76' lang='lat' dir='ltr'><strong>Atque</strong></span> <span class='ocrx_word' id='word_1_138' title='bbox 467 2503 523 2568; x_wconf 83' lang='lat' dir='ltr'><strong>ubi</strong></span> <span class='ocrx_word' id='word_1_139' title='bbox 547 2505 672 2568; x_wconf 71' lang='lat' dir='ltr'><strong>secreto</strong></span> <span class='ocrx_word' id='word_1_140' title='bbox 696 2505 810 2566; x_wconf 72' lang='lat' dir='ltr'><strong>nestra</strong></span> <span class='ocrx_word' id='word_1_141' title='bbox 834 2503 873 2566; x_wconf 86' lang='lat' dir='ltr'><strong>ad</strong></span> <span class='ocrx_word' id='word_1_142' title='bbox 898 2503 1070 2568; x_wconf 86' lang='lat' dir='ltr'><strong>simulacra</strong></span> <span class='ocrx_word' id='word_1_143' title='bbox 1092 2502 1248 2586; x_wconf 87' lang='lat' dir='ltr'><strong>loqueris,</strong></span> 
     </span>
     <span class='ocr_line' id='line_1_22' title="bbox 381 2608 1039 2694; baseline 0 -20"><span class='ocrx_word' id='word_1_144' title='bbox 381 2608 427 2674; x_wconf 77' lang='lat' dir='ltr'><strong>Ui</strong></span> <span class='ocrx_word' id='word_1_145' title='bbox 449 2630 663 2694; x_wconf 82' lang='lat' dir='ltr'><strong>responsurae</strong></span> <span class='ocrx_word' id='word_1_146' title='bbox 686 2609 817 2694; x_wconf 86' lang='lat' dir='ltr'><strong>singula</strong></span> <span class='ocrx_word' id='word_1_147' title='bbox 839 2609 939 2675; x_wconf 89' lang='lat' dir='ltr'><strong>uerba</strong></span> <span class='ocrx_word' id='word_1_148' title='bbox 961 2609 1039 2675; x_wconf 87' lang='lat' dir='ltr'><strong>iace.</strong></span> 
     </span>
     <span class='ocr_line' id='line_1_23' title="bbox 292 2714 1164 2800; baseline 0 -20"><span class='ocrx_word' id='word_1_149' title='bbox 292 2730 326 2780; x_wconf 83' lang='lat'><strong>85</strong></span> <span class='ocrx_word' id='word_1_150' title='bbox 337 2714 399 2781; x_wconf 85' lang='lat' dir='ltr'><strong>Seu</strong></span> <span class='ocrx_word' id='word_1_151' title='bbox 422 2721 533 2782; x_wconf 76' lang='lat' dir='ltr'><strong>tamen</strong></span> <span class='ocrx_word' id='word_1_152' title='bbox 557 2718 728 2782; x_wconf 88' lang='lat' dir='ltr'><strong>aduersum</strong></span> <span class='ocrx_word' id='word_1_153' title='bbox 752 2716 889 2781; x_wconf 71' lang='lat' dir='ltr'><strong>mutarit</strong></span> <span class='ocrx_word' id='word_1_154' title='bbox 910 2716 1008 2781; x_wconf 89' lang='lat' dir='ltr'><strong>ianua</strong></span> <span class='ocrx_word' id='word_1_155' title='bbox 1030 2717 1164 2800; x_wconf 76' lang='lat' dir='ltr'><strong>lectum,</strong></span> 
     </span>
     <span class='ocr_line' id='line_1_24' title="bbox 382 2822 1091 2908; baseline 0.001 -20"><span class='ocrx_word' id='word_1_156' title='bbox 382 2822 507 2889; x_wconf 77' lang='lat' dir='ltr'><strong>Sederit</strong></span> <span class='ocrx_word' id='word_1_157' title='bbox 529 2827 562 2889; x_wconf 79' lang='lat' dir='ltr'><strong>et</strong></span> <span class='ocrx_word' id='word_1_158' title='bbox 583 2826 695 2889; x_wconf 73' lang='lat' dir='ltr'><strong>nostro</strong></span> <span class='ocrx_word' id='word_1_159' title='bbox 720 2827 816 2888; x_wconf 71' lang='lat' dir='ltr'><strong>cauta</strong></span> <span class='ocrx_word' id='word_1_160' title='bbox 837 2845 978 2889; x_wconf 89' lang='lat' dir='ltr'><strong>nouerca</strong></span> <span class='ocrx_word' id='word_1_161' title='bbox 1000 2826 1091 2908; x_wconf 76' lang='lat' dir='ltr'><strong>toro,</strong></span> 
     </span>
     <span class='ocr_line' id='line_1_25' title="bbox 337 2925 1190 3016; baseline -0.001 -22"><span class='ocrx_word' id='word_1_162' title='bbox 337 2927 545 3015; x_wconf 76' lang='lat' dir='ltr'><strong>Coniugium,</strong></span> <span class='ocrx_word' id='word_1_163' title='bbox 568 2930 671 3014; x_wconf 83' lang='lat' dir='ltr'><strong>pueri,</strong></span> <span class='ocrx_word' id='word_1_164' title='bbox 693 2930 823 2994; x_wconf 79' lang='lat' dir='ltr'><strong>laudate</strong></span> <span class='ocrx_word' id='word_1_165' title='bbox 847 2933 880 2996; x_wconf 78' lang='lat' dir='ltr'><strong>et</strong></span> <span class='ocrx_word' id='word_1_166' title='bbox 903 2929 983 2994; x_wconf 73' lang='lat' dir='ltr'><strong>ferie</strong></span> <span class='ocrx_word' id='word_1_167' title='bbox 1006 2925 1190 3016; x_wconf 72' lang='lat' dir='ltr'><strong>paternum:</strong></span> 
     </span>
    </p>
   </div>
   <div class='ocr_carea' id='block_1_3' title="bbox 248 3176 1402 4052">
    <p class='ocr_par' dir='ltr' id='par_1_3' title="bbox 248 3176 1402 4052">
     <span class='ocr_line' id='line_1_26' title="bbox 323 3176 1402 3245; baseline 0.003 -13"><span class='ocrx_word' id='word_1_168' title='bbox 323 3177 391 3232; x_wconf 74' lang='lat' dir='ltr'><strong>Vsa.</strong></span> <span class='ocrx_word' id='word_1_169' title='bbox 410 3197 485 3233; x_wconf 78' lang='lat' dir='ltr'><strong>aner.</strong></span> <span class='ocrx_word' id='word_1_170' title='bbox 523 3177 706 3245; x_wconf 62' lang='grc'><strong>6716136711</strong></span> <span class='ocrx_word' id='word_1_171' title='bbox 734 3183 768 3232; x_wconf 86' lang='grc'><strong>63</strong></span> <span class='ocrx_word' id='word_1_172' title='bbox 788 3177 972 3235; x_wconf 76' lang='grc' dir='ltr'><strong>Τ6-16ςι</strong></span> <span class='ocrx_word' id='word_1_173' title='bbox 992 3176 1124 3231; x_wconf 80' lang='lat' dir='ltr'><strong>Te—te</strong></span> <span class='ocrx_word' id='word_1_174' title='bbox 1144 3179 1175 3240; x_wconf 86' lang='grc'><strong>0;</strong></span> <span class='ocrx_word' id='word_1_175' title='bbox 1195 3192 1263 3231; x_wconf 80' lang='grc'><strong>666</strong></span> <span class='ocrx_word' id='word_1_176' title='bbox 1282 3183 1345 3232; x_wconf 81' lang='lat' dir='ltr'><strong>unte</strong></span> <span class='ocrx_word' id='word_1_177' title='bbox 1366 3187 1402 3236; x_wconf 85' lang='grc'><strong>63</strong></span> 
     </span>
     <span class='ocr_line' id='line_1_27' title="bbox 249 3264 1401 3340; baseline 0.003 -21"><span class='ocrx_word' id='word_1_178' title='bbox 249 3265 385 3320; x_wconf 74' lang='lat' dir='ltr'><strong>distichoa</strong></span> <span class='ocrx_word' id='word_1_179' title='bbox 403 3265 568 3322; x_wconf 75' lang='lat' dir='ltr'><strong>intercidit?</strong></span> <span class='ocrx_word' id='word_1_180' title='bbox 585 3268 590 3335; x_wconf 91' lang='grc' dir='ltr'>Ι</span> <span class='ocrx_word' id='word_1_181' title='bbox 605 3264 700 3334; x_wconf 84' lang='lat' dir='ltr'><strong>lapide</strong></span> <span class='ocrx_word' id='word_1_182' title='bbox 715 3270 735 3317; x_wconf 78' lang='grc'><strong>7</strong></span> <span class='ocrx_word' id='word_1_183' title='bbox 753 3282 788 3320; x_wconf 89' lang='lat' dir='ltr'><strong>m.</strong></span> <span class='ocrx_word' id='word_1_184' title='bbox 807 3266 896 3334; x_wconf 73' lang='grc'><strong>11164</strong></span> <span class='ocrx_word' id='word_1_185' title='bbox 915 3266 1008 3318; x_wconf 81' lang='lat' dir='ltr'><strong>uestro</strong></span> <span class='ocrx_word' id='word_1_186' title='bbox 1027 3279 1077 3318; x_wconf 89' lang='lat' dir='ltr'><strong>om.</strong></span> <span class='ocrx_word' id='word_1_187' title='bbox 1097 3267 1131 3333; x_wconf 78' lang='lat' dir='ltr'><strong>F,</strong></span> <span class='ocrx_word' id='word_1_188' title='bbox 1150 3265 1214 3321; x_wconf 82' lang='lat' dir='ltr'><strong>cdd.</strong></span> <span class='ocrx_word' id='word_1_189' title='bbox 1234 3282 1286 3335; x_wconf 74' lang='lat' dir='ltr'><strong>my.</strong></span> <span class='ocrx_word' id='word_1_190' title='bbox 1306 3285 1339 3321; x_wconf 86' lang='lat' dir='ltr'><strong>m.</strong></span> <span class='ocrx_word' id='word_1_191' title='bbox 1355 3271 1401 3340; x_wconf 70' lang='grc'><strong>21,</strong></span> 
     </span>
     <span class='ocr_line' id='line_1_28' title="bbox 249 3345 1400 3426; baseline 0.003 -19"><span class='ocrx_word' id='word_1_192' title='bbox 249 3359 283 3408; x_wconf 91' lang='grc'><strong>67</strong></span> <span class='ocrx_word' id='word_1_193' title='bbox 303 3345 445 3422; x_wconf 79' lang='lat' dir='ltr'><strong>specimen</strong></span> <span class='ocrx_word' id='word_1_194' title='bbox 463 3360 486 3408; x_wconf 98' lang='grc'><strong>7</strong></span> <span class='ocrx_word' id='word_1_195' title='bbox 505 3355 537 3424; x_wconf 83' lang='grc'><strong>(1)</strong></span> <span class='ocrx_word' id='word_1_196' title='bbox 556 3370 607 3424; x_wconf 71' lang='lat' dir='ltr'><strong>my.</strong></span> <span class='ocrx_word' id='word_1_197' title='bbox 624 3369 677 3422; x_wconf 80' lang='lat' dir='ltr'><strong>pro</strong></span> <span class='ocrx_word' id='word_1_198' title='bbox 695 3371 757 3409; x_wconf 79' lang='lat' dir='ltr'><strong>aar.</strong></span> <span class='ocrx_word' id='word_1_199' title='bbox 777 3354 859 3422; x_wconf 81' lang='lat' dir='ltr'><strong>lect.):</strong></span> <span class='ocrx_word' id='word_1_200' title='bbox 879 3351 999 3423; x_wconf 88' lang='lat' dir='ltr'><strong>speciem</strong></span> <span class='ocrx_word' id='word_1_201' title='bbox 1019 3359 1076 3405; x_wconf 77' lang='lat' dir='ltr'><strong>nr</strong></span> <span class='ocrx_word' id='word_1_202' title='bbox 1103 3355 1113 3421; x_wconf 77' lang='lat' dir='ltr'>u</span> <span class='ocrx_word' id='word_1_203' title='bbox 1140 3358 1174 3408; x_wconf 95' lang='grc'><strong>68</strong></span> <span class='ocrx_word' id='word_1_204' title='bbox 1192 3372 1279 3408; x_wconf 89' lang='lat' dir='ltr'><strong>unum</strong></span> <span class='ocrx_word' id='word_1_205' title='bbox 1298 3373 1348 3410; x_wconf 86' lang='lat' dir='ltr'><strong>om.</strong></span> <span class='ocrx_word' id='word_1_206' title='bbox 1369 3364 1400 3426; x_wconf 77' lang='lat' dir='ltr'><strong>r,</strong></span> 
     </span>
     <span class='ocr_line' id='line_1_29' title="bbox 248 3442 1399 3514; baseline 0.002 -16"><span class='ocrx_word' id='word_1_207' title='bbox 248 3445 402 3514; x_wconf 69' lang='grc'><strong>66666116.</strong></span> <span class='ocrx_word' id='word_1_208' title='bbox 422 3445 579 3500; x_wconf 69' lang='grc'><strong>666662</strong></span> <span class='ocrx_word' id='word_1_209' title='bbox 610 3443 620 3512; x_wconf 87' lang='grc' dir='ltr'><strong>ΙΙ</strong></span> <span class='ocrx_word' id='word_1_210' title='bbox 647 3448 690 3510; x_wconf 86' lang='grc'><strong>71,</strong></span> <span class='ocrx_word' id='word_1_211' title='bbox 710 3448 742 3497; x_wconf 80' lang='grc'><strong>78</strong></span> <span class='ocrx_word' id='word_1_212' title='bbox 762 3447 826 3497; x_wconf 80' lang='lat' dir='ltr'><strong>ante</strong></span> <span class='ocrx_word' id='word_1_213' title='bbox 844 3448 878 3496; x_wconf 84' lang='grc'><strong>68</strong></span> <span class='ocrx_word' id='word_1_214' title='bbox 893 3442 978 3510; x_wconf 80' lang='lat' dir='ltr'><strong>posui</strong></span> <span class='ocrx_word' id='word_1_215' title='bbox 1008 3443 1018 3510; x_wconf 83' lang='grc' dir='ltr'><strong>ΙΙ</strong></span> <span class='ocrx_word' id='word_1_216' title='bbox 1051 3446 1083 3495; x_wconf 81' lang='grc'><strong>78</strong></span> <span class='ocrx_word' id='word_1_217' title='bbox 1102 3444 1196 3495; x_wconf 78' lang='lat' dir='ltr'><strong>torum</strong></span> <span class='ocrx_word' id='word_1_218' title='bbox 1215 3443 1399 3500; x_wconf 78' lang='lat' dir='ltr'><strong>Schraderus:</strong></span> 
     </span>
     <span class='ocr_line' id='line_1_30' title="bbox 248 3529 1401 3602; baseline 0.001 -16"><span class='ocrx_word' id='word_1_219' title='bbox 248 3549 347 3602; x_wconf 84' lang='lat' dir='ltr'><strong>rogum</strong></span> <span class='ocrx_word' id='word_1_220' title='bbox 367 3533 410 3602; x_wconf 71' lang='lat' dir='ltr'><strong>0ss</strong></span> <span class='ocrx_word' id='word_1_221' title='bbox 429 3539 462 3587; x_wconf 83' lang='grc'><strong>69</strong></span> <span class='ocrx_word' id='word_1_222' title='bbox 481 3531 581 3586; x_wconf 84' lang='lat' dir='ltr'><strong>fulcita</strong></span> <span class='ocrx_word' id='word_1_223' title='bbox 600 3537 620 3584; x_wconf 78' lang='grc'><strong>7</strong></span> <span class='ocrx_word' id='word_1_224' title='bbox 638 3531 739 3600; x_wconf 76' lang='lat' dir='ltr'><strong>fulgite</strong></span> <span class='ocrx_word' id='word_1_225' title='bbox 757 3536 780 3584; x_wconf 99' lang='grc'><strong>7</strong></span> <span class='ocrx_word' id='word_1_226' title='bbox 798 3547 850 3601; x_wconf 75' lang='lat' dir='ltr'><strong>rap.</strong></span> <span class='ocrx_word' id='word_1_227' title='bbox 869 3548 903 3584; x_wconf 86' lang='lat' dir='ltr'><strong>m.</strong></span> <span class='ocrx_word' id='word_1_228' title='bbox 923 3537 956 3596; x_wconf 78' lang='lat'><strong>23</strong></span> <span class='ocrx_word' id='word_1_229' title='bbox 974 3530 1090 3596; x_wconf 75' lang='lat' dir='ltr'><strong>fortasse</strong></span> <span class='ocrx_word' id='word_1_230' title='bbox 1108 3529 1158 3585; x_wconf 83' lang='lat' dir='ltr'><strong>Est</strong></span> <span class='ocrx_word' id='word_1_231' title='bbox 1176 3531 1246 3586; x_wconf 89' lang='lat' dir='ltr'><strong>serie</strong></span> <span class='ocrx_word' id='word_1_232' title='bbox 1265 3531 1307 3586; x_wconf 90' lang='lat' dir='ltr'><strong>sic</strong></span> <span class='ocrx_word' id='word_1_233' title='bbox 1324 3532 1401 3588; x_wconf 81' lang='lat' dir='ltr'><strong>fulta</strong></span> 
     </span>
     <span class='ocr_line' id='line_1_31' title="bbox 249 3618 1398 3694; baseline 0 -19"><span class='ocrx_word' id='word_1_234' title='bbox 249 3621 348 3676; x_wconf 86' lang='lat' dir='ltr'><strong>domus</strong></span> <span class='ocrx_word' id='word_1_235' title='bbox 364 3624 368 3688; x_wconf 93' lang='grc' dir='ltr'>Ι</span> <span class='ocrx_word' id='word_1_236' title='bbox 385 3621 478 3676; x_wconf 88' lang='lat' dir='ltr'><strong>cimba</strong></span> <span class='ocrx_word' id='word_1_237' title='bbox 491 3626 512 3672; x_wconf 78' lang='lat' dir='ltr'>F</span> <span class='ocrx_word' id='word_1_238' title='bbox 525 3623 535 3690; x_wconf 87' lang='grc' dir='ltr'><strong>ΙΙ</strong></span> <span class='ocrx_word' id='word_1_239' title='bbox 550 3627 583 3685; x_wconf 89' lang='grc'><strong>70</strong></span> <span class='ocrx_word' id='word_1_240' title='bbox 602 3619 724 3674; x_wconf 82' lang='lat' dir='ltr'><strong>aucturis</strong></span> <span class='ocrx_word' id='word_1_241' title='bbox 739 3634 767 3677; x_wconf 74' lang='grc' dir='ltr'><strong>ςε</strong></span> <span class='ocrx_word' id='word_1_242' title='bbox 789 3619 911 3674; x_wconf 73' lang='grc'><strong>66616616</strong></span> <span class='ocrx_word' id='word_1_243' title='bbox 925 3626 947 3672; x_wconf 82' lang='grc'><strong>1)</strong></span> <span class='ocrx_word' id='word_1_244' title='bbox 961 3624 984 3672; x_wconf 99' lang='grc'><strong>7</strong></span> <span class='ocrx_word' id='word_1_245' title='bbox 999 3618 1126 3688; x_wconf 69' lang='lat' dir='ltr'><strong>nupturis</strong></span> <span class='ocrx_word' id='word_1_246' title='bbox 1140 3625 1173 3686; x_wconf 72' lang='grc' dir='ltr'><strong>Ἐς</strong></span> <span class='ocrx_word' id='word_1_247' title='bbox 1193 3621 1258 3674; x_wconf 77' lang='lat' dir='ltr'><strong>latet</strong></span> <span class='ocrx_word' id='word_1_248' title='bbox 1272 3622 1382 3690; x_wconf 75' lang='lat' dir='ltr'><strong>aliquid</strong></span> <span class='ocrx_word' id='word_1_249' title='bbox 1394 3623 1398 3694; x_wconf 82' lang='grc' dir='ltr'>Ι</span> 
     </span>
     <span class='ocr_line' id='line_1_32' title="bbox 248 3707 1401 3778; baseline 0.001 -16"><span class='ocrx_word' id='word_1_250' title='bbox 248 3708 318 3764; x_wconf 88' lang='lat' dir='ltr'><strong>meis</strong></span> <span class='ocrx_word' id='word_1_251' title='bbox 345 3709 400 3778; x_wconf 79' lang='grc'><strong>(661</strong></span> <span class='ocrx_word' id='word_1_252' title='bbox 418 3708 510 3777; x_wconf 87' lang='lat' dir='ltr'><strong>bonis)</strong></span> <span class='ocrx_word' id='word_1_253' title='bbox 541 3709 708 3763; x_wconf 76' lang='lat' dir='ltr'><strong>Palmarius:</strong></span> <span class='ocrx_word' id='word_1_254' title='bbox 738 3707 859 3764; x_wconf 84' lang='lat' dir='ltr'><strong>maliso</strong></span> <span class='ocrx_word' id='word_1_255' title='bbox 887 3711 960 3764; x_wconf 82' lang='lat' dir='ltr'><strong>auct.</strong></span> <span class='ocrx_word' id='word_1_256' title='bbox 985 3726 1041 3763; x_wconf 91' lang='lat' dir='ltr'><strong>non</strong></span> <span class='ocrx_word' id='word_1_257' title='bbox 1060 3726 1095 3762; x_wconf 90' lang='lat' dir='ltr'><strong>m.</strong></span> <span class='ocrx_word' id='word_1_258' title='bbox 1113 3708 1133 3763; x_wconf 87' lang='lat' dir='ltr'><strong>f.</strong></span> <span class='ocrx_word' id='word_1_259' title='bbox 1156 3707 1239 3762; x_wconf 85' lang='lat' dir='ltr'><strong>malis</strong></span> <span class='ocrx_word' id='word_1_260' title='bbox 1258 3708 1401 3764; x_wconf 76' lang='lat' dir='ltr'><strong>Graecias</strong></span> 
     </span>
     <span class='ocr_line' id='line_1_33' title="bbox 249 3795 1399 3866; baseline 0.002 -14"><span class='ocrx_word' id='word_1_261' title='bbox 249 3797 342 3852; x_wconf 73' lang='lat' dir='ltr'><strong>uoluit</strong></span> <span class='ocrx_word' id='word_1_262' title='bbox 363 3796 481 3853; x_wconf 83' lang='lat' dir='ltr'><strong>luctaris</strong></span> <span class='ocrx_word' id='word_1_263' title='bbox 499 3799 519 3850; x_wconf 82' lang='lat' dir='ltr'><strong>t.</strong></span> <span class='ocrx_word' id='word_1_264' title='bbox 539 3815 576 3852; x_wconf 90' lang='lat' dir='ltr'><strong>m.</strong></span> <span class='ocrx_word' id='word_1_265' title='bbox 595 3797 614 3852; x_wconf 82' lang='lat' dir='ltr'><strong>f.</strong></span> <span class='ocrx_word' id='word_1_266' title='bbox 633 3795 703 3853; x_wconf 90' lang='lat' dir='ltr'><strong>meis</strong></span> <span class='ocrx_word' id='word_1_267' title='bbox 721 3799 808 3853; x_wconf 79' lang='lat' dir='ltr'><strong>editor</strong></span> <span class='ocrx_word' id='word_1_268' title='bbox 826 3797 975 3852; x_wconf 77' lang='lat' dir='ltr'><strong>Etoueasis</strong></span> <span class='ocrx_word' id='word_1_269' title='bbox 995 3797 1087 3853; x_wconf 75' lang='lat' dir='ltr'><strong>Solnit</strong></span> <span class='ocrx_word' id='word_1_270' title='bbox 1104 3797 1221 3852; x_wconf 70' lang='lat' dir='ltr'><strong>uiciuris</strong></span> <span class='ocrx_word' id='word_1_271' title='bbox 1239 3799 1304 3866; x_wconf 76' lang='lat' dir='ltr'><strong>post</strong></span> <span class='ocrx_word' id='word_1_272' title='bbox 1321 3816 1357 3852; x_wconf 90' lang='lat' dir='ltr'><strong>m.</strong></span> <span class='ocrx_word' id='word_1_273' title='bbox 1378 3799 1399 3855; x_wconf 81' lang='lat' dir='ltr'><strong>f.</strong></span> 
     </span>
     <span class='ocr_line' id='line_1_34' title="bbox 248 3885 1398 3956; baseline 0.002 -16"><span class='ocrx_word' id='word_1_274' title='bbox 248 3886 319 3941; x_wconf 88' lang='lat' dir='ltr'><strong>meis</strong></span> <span class='ocrx_word' id='word_1_275' title='bbox 337 3885 610 3956; x_wconf 69' lang='grc'><strong>816106666661173</strong></span> <span class='ocrx_word' id='word_1_276' title='bbox 631 3886 761 3941; x_wconf 88' lang='lat' dir='ltr'><strong>comunia</strong></span> <span class='ocrx_word' id='word_1_277' title='bbox 779 3889 870 3956; x_wconf 79' lang='grc'><strong>71170</strong></span> <span class='ocrx_word' id='word_1_278' title='bbox 889 3886 1018 3941; x_wconf 76' lang='lat' dir='ltr'><strong>matrinis</strong></span> <span class='ocrx_word' id='word_1_279' title='bbox 1036 3892 1073 3954; x_wconf 84' lang='grc'><strong>7,</strong></span> <span class='ocrx_word' id='word_1_280' title='bbox 1092 3903 1161 3942; x_wconf 76' lang='lat' dir='ltr'><strong>corr.</strong></span> <span class='ocrx_word' id='word_1_281' title='bbox 1180 3903 1232 3956; x_wconf 77' lang='lat' dir='ltr'><strong>my.</strong></span> <span class='ocrx_word' id='word_1_282' title='bbox 1252 3903 1286 3940; x_wconf 87' lang='lat' dir='ltr'><strong>m.</strong></span> <span class='ocrx_word' id='word_1_283' title='bbox 1305 3889 1398 3956; x_wconf 76' lang='grc'><strong>21176</strong></span> 
     </span>
     <span class='ocr_line' id='line_1_35' title="bbox 248 3975 1399 4052; baseline 0.003 -23"><span class='ocrx_word' id='word_1_284' title='bbox 248 3976 370 4031; x_wconf 87' lang='lat' dir='ltr'><strong>fouenda</strong></span> <span class='ocrx_word' id='word_1_285' title='bbox 388 3975 423 4030; x_wconf 87' lang='lat' dir='ltr'><strong>L.</strong></span> <span class='ocrx_word' id='word_1_286' title='bbox 444 3975 609 4030; x_wconf 69' lang='lat' dir='ltr'><strong>Muellerus:</strong></span> <span class='ocrx_word' id='word_1_287' title='bbox 629 3975 742 4030; x_wconf 81' lang='lat' dir='ltr'><strong>ferenda</strong></span> <span class='ocrx_word' id='word_1_288' title='bbox 761 3980 780 4027; x_wconf 97' lang='grc'><strong>0</strong></span> <span class='ocrx_word' id='word_1_289' title='bbox 809 3976 823 4043; x_wconf 91' lang='grc' dir='ltr'><strong>ΙΙΙ</strong></span> <span class='ocrx_word' id='word_1_290' title='bbox 847 3981 879 4030; x_wconf 96' lang='grc'><strong>77</strong></span> <span class='ocrx_word' id='word_1_291' title='bbox 899 3975 997 4031; x_wconf 79' lang='lat' dir='ltr'><strong>matris</strong></span> <span class='ocrx_word' id='word_1_292' title='bbox 1016 3991 1044 4034; x_wconf 75' lang='grc' dir='ltr'><strong>ςι</strong></span> <span class='ocrx_word' id='word_1_293' title='bbox 1064 3977 1155 4032; x_wconf 74' lang='lat' dir='ltr'><strong>mater</strong></span> <span class='ocrx_word' id='word_1_294' title='bbox 1173 3979 1192 4026; x_wconf 98' lang='grc'><strong>0</strong></span> <span class='ocrx_word' id='word_1_295' title='bbox 1212 3976 1331 4052; x_wconf 75' lang='lat' dir='ltr'><strong>matrem</strong></span> <span class='ocrx_word' id='word_1_296' title='bbox 1350 3990 1367 4033; x_wconf 84' lang='grc' dir='ltr'><strong>ς</strong></span> <span class='ocrx_word' id='word_1_297' title='bbox 1389 3990 1399 4046; x_wconf 66' lang='grc'><strong>,5</strong></span> 
     </span>
    </p>
   </div>
   <div class='ocr_carea' id='block_1_4' title="bbox 159 4061 1402 4134">
    <p class='ocr_par' dir='ltr' id='par_1_4' title="bbox 159 4061 1402 4134">
     <span class='ocr_line' id='line_1_36' title="bbox 159 4061 1402 4134; baseline -0.002 -14"><span class='ocrx_word' id='word_1_298' title='bbox 159 4083 167 4096; x_wconf 79' lang='grc'><strong><em>’</em></strong></span> <span class='ocrx_word' id='word_1_299' title='bbox 251 4071 283 4120; x_wconf 89' lang='grc'><strong>79</strong></span> <span class='ocrx_word' id='word_1_300' title='bbox 303 4064 371 4134; x_wconf 89' lang='lat' dir='ltr'><strong>quid</strong></span> <span class='ocrx_word' id='word_1_301' title='bbox 389 4070 413 4117; x_wconf 96' lang='grc'><strong>7</strong></span> <span class='ocrx_word' id='word_1_302' title='bbox 431 4082 465 4119; x_wconf 86' lang='lat' dir='ltr'><strong>m.</strong></span> <span class='ocrx_word' id='word_1_303' title='bbox 485 4071 517 4121; x_wconf 82' lang='lat'><strong>2:</strong></span> <span class='ocrx_word' id='word_1_304' title='bbox 538 4064 599 4133; x_wconf 89' lang='lat' dir='ltr'><strong>quis</strong></span> <span class='ocrx_word' id='word_1_305' title='bbox 619 4069 638 4116; x_wconf 98' lang='grc'><strong>0</strong></span> <span class='ocrx_word' id='word_1_306' title='bbox 659 4067 663 4131; x_wconf 91' lang='grc' dir='ltr'>Ι</span> <span class='ocrx_word' id='word_1_307' title='bbox 685 4063 738 4118; x_wconf 87' lang='lat' dir='ltr'><strong>eris</strong></span> <span class='ocrx_word' id='word_1_308' title='bbox 758 4079 788 4122; x_wconf 72' lang='grc' dir='ltr'><strong>ςε</strong></span> <span class='ocrx_word' id='word_1_309' title='bbox 808 4064 899 4119; x_wconf 69' lang='lat' dir='ltr'><strong>eribo</strong></span> <span class='ocrx_word' id='word_1_310' title='bbox 926 4066 936 4134; x_wconf 75' lang='lat' dir='ltr'>ss</span> <span class='ocrx_word' id='word_1_311' title='bbox 963 4071 997 4120; x_wconf 91' lang='grc'><strong>80</strong></span> <span class='ocrx_word' id='word_1_312' title='bbox 1016 4065 1069 4134; x_wconf 84' lang='lat' dir='ltr'><strong>fige</strong></span> <span class='ocrx_word' id='word_1_313' title='bbox 1089 4065 1129 4133; x_wconf 82' lang='grc' dir='ltr'><strong>ςΙΙ</strong></span> <span class='ocrx_word' id='word_1_314' title='bbox 1151 4069 1183 4119; x_wconf 80' lang='grc'><strong>81</strong></span> <span class='ocrx_word' id='word_1_315' title='bbox 1203 4061 1260 4118; x_wconf 76' lang='lat' dir='ltr'><strong>sint</strong></span> <span class='ocrx_word' id='word_1_316' title='bbox 1277 4068 1313 4117; x_wconf 68' lang='lat' dir='ltr'><strong>N:</strong></span> <span class='ocrx_word' id='word_1_317' title='bbox 1333 4067 1402 4118; x_wconf 73' lang='lat' dir='ltr'><strong>sunt</strong></span> 
     </span>
    </p>
   </div>
   <div class='ocr_carea' id='block_1_5' title="bbox 249 4152 1402 4487">
    <p class='ocr_par' dir='ltr' id='par_1_5' title="bbox 249 4152 1402 4487">
     <span class='ocr_line' id='line_1_37' title="bbox 250 4152 1401 4224; baseline -0.001 -18"><span class='ocrx_word' id='word_1_318' title='bbox 250 4154 289 4218; x_wconf 88' lang='grc'><strong>01</strong></span> <span class='ocrx_word' id='word_1_319' title='bbox 310 4154 413 4224; x_wconf 67' lang='lat' dir='ltr'><strong>fatigas</strong></span> <span class='ocrx_word' id='word_1_320' title='bbox 431 4158 490 4206; x_wconf 80' lang='lat' dir='ltr'><strong>DV</strong></span> <span class='ocrx_word' id='word_1_321' title='bbox 512 4154 522 4222; x_wconf 81' lang='grc' dir='ltr'><strong>ΙΙ</strong></span> <span class='ocrx_word' id='word_1_322' title='bbox 545 4159 578 4208; x_wconf 80' lang='grc'><strong>88</strong></span> <span class='ocrx_word' id='word_1_323' title='bbox 598 4152 709 4208; x_wconf 77' lang='lat' dir='ltr'><strong>reddita</strong></span> <span class='ocrx_word' id='word_1_324' title='bbox 728 4152 878 4208; x_wconf 75' lang='lat' dir='ltr'><strong>Graecias:</strong></span> <span class='ocrx_word' id='word_1_325' title='bbox 898 4153 1005 4208; x_wconf 81' lang='lat' dir='ltr'><strong>eredita</strong></span> <span class='ocrx_word' id='word_1_326' title='bbox 1024 4155 1066 4223; x_wconf 82' lang='grc'><strong>011</strong></span> <span class='ocrx_word' id='word_1_327' title='bbox 1085 4159 1119 4210; x_wconf 83' lang='grc'><strong>84</strong></span> <span class='ocrx_word' id='word_1_328' title='bbox 1138 4153 1198 4207; x_wconf 85' lang='lat' dir='ltr'><strong>iace</strong></span> <span class='ocrx_word' id='word_1_329' title='bbox 1217 4167 1247 4209; x_wconf 75' lang='grc' dir='ltr'><strong>ςε</strong></span> <span class='ocrx_word' id='word_1_330' title='bbox 1266 4154 1330 4207; x_wconf 76' lang='lat' dir='ltr'><strong>tace</strong></span> <span class='ocrx_word' id='word_1_331' title='bbox 1350 4157 1369 4204; x_wconf 98' lang='grc'><strong>0</strong></span> <span class='ocrx_word' id='word_1_332' title='bbox 1390 4153 1401 4224; x_wconf 63' lang='lat' dir='ltr'><strong>li</strong></span> 
     </span>
     <span class='ocr_line' id='line_1_38' title="bbox 250 4241 1401 4312; baseline 0 -17"><span class='ocrx_word' id='word_1_333' title='bbox 250 4246 284 4295; x_wconf 82' lang='grc'><strong>86</strong></span> <span class='ocrx_word' id='word_1_334' title='bbox 303 4243 396 4297; x_wconf 80' lang='lat' dir='ltr'><strong>malim</strong></span> <span class='ocrx_word' id='word_1_335' title='bbox 426 4241 529 4312; x_wconf 66' lang='grc'><strong>81661</strong></span> <span class='ocrx_word' id='word_1_336' title='bbox 548 4242 608 4310; x_wconf 80' lang='lat' dir='ltr'><strong>Sin)</strong></span> <span class='ocrx_word' id='word_1_337' title='bbox 635 4243 731 4295; x_wconf 77' lang='lat' dir='ltr'><strong>tamen</strong></span> <span class='ocrx_word' id='word_1_338' title='bbox 762 4243 772 4310; x_wconf 82' lang='grc' dir='ltr'><strong>ΙΙ</strong></span> <span class='ocrx_word' id='word_1_339' title='bbox 803 4248 837 4296; x_wconf 90' lang='grc'><strong>86</strong></span> <span class='ocrx_word' id='word_1_340' title='bbox 870 4243 952 4296; x_wconf 74' lang='lat' dir='ltr'><strong>torua</strong></span> <span class='ocrx_word' id='word_1_341' title='bbox 974 4242 1109 4296; x_wconf 73' lang='lat' dir='ltr'><strong>Heinsius</strong></span> <span class='ocrx_word' id='word_1_342' title='bbox 1135 4241 1221 4295; x_wconf 78' lang='lat' dir='ltr'><strong>ducta</strong></span> <span class='ocrx_word' id='word_1_343' title='bbox 1247 4242 1322 4295; x_wconf 77' lang='lat' dir='ltr'><strong>alias</strong></span> <span class='ocrx_word' id='word_1_344' title='bbox 1350 4243 1401 4295; x_wconf 80' lang='lat' dir='ltr'><strong>cir</strong></span> 
     </span>
     <span class='ocr_line' id='line_1_39' title="bbox 252 4329 1402 4402; baseline 0.003 -19"><span class='ocrx_word' id='word_1_345' title='bbox 252 4329 347 4385; x_wconf 80' lang='lat' dir='ltr'><strong>doctus</strong></span> <span class='ocrx_word' id='word_1_346' title='bbox 367 4329 372 4402; x_wconf 73' lang='grc'><strong>1</strong></span> <span class='ocrx_word' id='word_1_347' title='bbox 392 4330 474 4385; x_wconf 79' lang='lat' dir='ltr'><strong>thoro</strong></span> <span class='ocrx_word' id='word_1_348' title='bbox 493 4335 552 4383; x_wconf 77' lang='grc'><strong>717</strong></span> <span class='ocrx_word' id='word_1_349' title='bbox 583 4333 593 4400; x_wconf 79' lang='grc' dir='ltr'><strong>ΙΙ</strong></span> <span class='ocrx_word' id='word_1_350' title='bbox 624 4335 657 4385; x_wconf 92' lang='grc'><strong>87</strong></span> <span class='ocrx_word' id='word_1_351' title='bbox 685 4329 793 4399; x_wconf 78' lang='lat' dir='ltr'><strong>placati</strong></span> <span class='ocrx_word' id='word_1_352' title='bbox 811 4330 882 4385; x_wconf 71' lang='lat' dir='ltr'><strong>ferte</strong></span> <span class='ocrx_word' id='word_1_353' title='bbox 899 4329 934 4384; x_wconf 86' lang='lat' dir='ltr'><strong>L.</strong></span> <span class='ocrx_word' id='word_1_354' title='bbox 954 4329 1117 4398; x_wconf 55' lang='lat' dir='ltr'><strong>Muellerum</strong></span> <span class='ocrx_word' id='word_1_355' title='bbox 1145 4335 1170 4384; x_wconf 80' lang='lat' dir='ltr'><strong>et</strong></span> <span class='ocrx_word' id='word_1_356' title='bbox 1192 4335 1261 4384; x_wconf 76' lang='lat' dir='ltr'><strong>certe</strong></span> <span class='ocrx_word' id='word_1_357' title='bbox 1283 4330 1402 4386; x_wconf 74' lang='lat' dir='ltr'><strong>laudate</strong></span> 
     </span>
     <span class='ocr_line' id='line_1_40' title="bbox 249 4423 401 4487; baseline 0.02 -16"><span class='ocrx_word' id='word_1_358' title='bbox 249 4423 401 4487; x_wconf 75' lang='lat' dir='ltr'><strong>suspectum</strong></span> 
     </span>
    </p>
   </div>
   <div class='ocr_carea' id='block_1_6' title="bbox 0 0 1529 5032">
    <p class='ocr_par' dir='ltr' id='par_1_6' title="bbox 0 0 1529 5032">
     <span class='ocr_line' id='line_1_41' title="bbox 0 0 1529 5032; baseline 0 0"><span class='ocrx_word' id='word_1_359' title='bbox 0 0 1529 5032; x_wconf 95' lang='lat' dir='ltr'><strong> </strong></span> 
     </span>
    </p>
   </div>
  </div>
 </body>
</html>
