3052 5044
289 279 333 342 42
667 280 863 336 euersum
881 282 949 335 urs.
968 283 1002 340 n.
1022 291 1046 338 a.

378 443 465 509 Num
489 443 549 507 tibi
573 445 718 508 nascenti
743 445 868 528 primis,
892 468 963 510 mea
986 447 1069 530 uita,
1093 447 1207 512 diebus

424 549 587 614 Candidus
612 556 763 636 argutum
788 553 927 616 sternuit
950 575 1044 618 omen
1068 555 1190 619 Amor?

335 675 368 724 25
379 658 469 722 Haec
492 659 552 722 tibi
578 661 782 724 contulerunt
806 661 957 724 caelestia
980 683 1114 726 munera
1138 663 1222 746 diui,

422 765 512 830 Haec
535 767 595 830 tibi
618 788 659 829 ne
682 770 819 830 matrem
843 767 927 832 forte
951 767 1076 832 dedisse
1098 775 1201 852 putes.

378 873 454 938 Non
477 895 543 939 non
565 873 697 938 humani
722 877 797 937 sunt
819 878 932 958 partus
956 877 1036 940 talia
1059 876 1156 941 dona:

323 975 327 984 '
421 981 490 1044 Ista
514 979 622 1044 decem
647 1002 773 1044 menses
796 1003 863 1046 non
885 1005 1037 1065 peperere
1060 984 1155 1049 bona.

379 1087 492 1153 Gloria
515 1086 671 1151 Romanis
696 1111 761 1151 una
784 1111 817 1152 es
841 1091 877 1152 tu
900 1094 979 1154 nata
1002 1092 1131 1174 puellis:
1181 1146 1183 1150 .

334 1213 368 1261 3ο
423 1195 572 1260 Romana
595 1195 763 1259 accumbes
786 1197 891 1279 prima
914 1197 1021 1280 puella
1044 1197 1115 1262 Ioui

377 1303 446 1368 Nec
470 1324 596 1386 semper
619 1303 788 1367 nobiseum
812 1304 954 1368 humana
977 1305 1097 1369 cubilia
1121 1307 1214 1370 uises

422 1410 501 1475 Post
524 1410 682 1475 Helenam
706 1411 786 1475 haec
809 1413 905 1476 terris
929 1411 1035 1475 forma
1059 1413 1198 1477 secunda
1220 1415 1317 1480 redit.

378 1517 447 1582 Hac
472 1539 532 1603 ego
557 1540 642 1581 nunc
665 1517 764 1580 mirer
787 1518 814 1580 si
838 1517 955 1602 flagrat
977 1521 1090 1583 nostra
1113 1519 1289 1585 iuuentus?

423 1624 570 1688 Pulcrius
593 1623 655 1687 hac
678 1624 797 1708 fuerat,
820 1623 931 1708 Troia,
954 1625 1057 1708 perire
1081 1627 1150 1691 tibi.

335 1748 369 1796 35
381 1731 466 1796 Olim
490 1729 645 1814 mirabar,
669 1730 753 1814 quod
776 1731 861 1794 tanti
885 1730 925 1793 ad
948 1731 1107 1817 Pergama
1129 1735 1209 1798 belli

422 1838 571 1920 Europae
595 1840 692 1920 atque
715 1837 813 1900 Asiae
838 1859 935 1902 causa
957 1839 1067 1921 puella
1089 1838 1163 1926 fuit3

378 1943 485 2027 Nunc,
509 1943 598 2027 Pari,
622 1949 658 2008 tu
683 1945 812 2027 sapiens
837 1947 942 2024 ettu,
964 1945 1126 2029 Menelae,
1150 1947 1252 2012 fuisti:

422 2050 470 2114 Tu
494 2051 570 2134 quia
592 2051 762 2135 poscebas,
785 2055 821 2114 tu
845 2051 921 2135 quia
943 2051 1050 2116 lentus
1075 2075 1155 2117 eras.

380 2159 487 2244 Digna
511 2159 567 2222 sed
589 2159 670 2222 haec
693 2157 807 2241 facies,
830 2180 889 2240 pro
914 2181 977 2242 qua
1001 2158 1050 2222 uel
1076 2159 1183 2224 obiret
1205 2161 1352 2228 Achilles

336 2284 370 2331 40
426 2267 486 2331 Vel
510 2265 671 2331 Priamus:
694 2265 771 2328 belli
796 2287 894 2329 eausa
917 2265 1085 2348 probanda
1108 2264 1177 2329 fuit.

290 2437 503 2446 ——m———n

361 2533 440 2586 Tesr.
477 2531 529 2599 ΙΙΙ,
549 2538 592 2584 24.
629 2530 821 2584 Macrobius
847 2530 1007 2600 [grammat.
1027 2531 1076 2584 lat.
1096 2531 1269 2602 Keiliin.
1290 2540 1354 2602 626,
1378 2539 1440 2608 151

292 2623 428 2678 ‘sternuto
454 2620 692 2690 frequentatiuum
725 2621 768 2672 est
794 2637 811 2672 a
838 2617 988 2688 principali
1013 2622 1137 2688 sternuo;
1162 2620 1337 2690 Propertius:
1366 2625 1439 2678 Can·

290 2711 384 2766 didus'
406 2728 462 2779 eqs.

361 2907 430 2961 Vra.
450 2926 524 2958 uror.
567 2911 600 2959 23
633 2905 707 2958 Num
735 2909 769 2957 F:
798 2904 879 2956 Nunc
900 2907 955 2955 DV
984 2905 1025 2970 (in
1052 2905 1101 2957 hoc
1128 2923 1143 2958 c
1170 2921 1204 2959 nr.
1228 2912 1248 2962 2
1271 2913 1438 2976 suppunaeit)

289 2997 352 3050 Non
374 3002 397 3047 ll
424 2996 428 3067 1
453 2995 586 3049 nascendi
616 2994 795 3062 Wopkensius
822 3011 848 3046 n.
873 3011 900 3060 p.
928 3008 993 3045 mea
1017 2991 1137 3061 Cynthia
1165 2995 1244 3048 cunis
1271 2997 1440 3052 Fonteiuins

289 3084 416 3138 nascenti
444 3087 473 3137 et
499 3083 596 3152 primis
628 3083 836 3147 Luchnrunnus3
865 3082 911 3134 sed
936 3086 1004 3134 recte
1031 3083 1101 3135 idem
1129 3081 1296 3138 Fonteinius
1322 3089 1439 3141 contulit

292 3175 447 3228 Manilium
465 3172 491 3224 ll
510 3177 562 3225 833
589 3174 599 3240 11
626 3177 661 3224 24
680 3170 820 3226 Candidus
841 3171 1016 3224 Manutius:
1042 3171 1161 3226 Ardidus
1180 3178 1239 3225 Fll
1259 3175 1360 3228 Aridus
1378 3183 1401 3228 D
1415 3181 1438 3227 V

291 3266 397 3316 Aureus
422 3261 556 3314 Heinsius
585 3263 589 3328 1
619 3262 754 3329 augustae
779 3260 954 3326 Macrobius,
979 3262 1052 3314 unde
1077 3264 1227 3330 augustum
1253 3262 1402 3318 Fontanus
1431 3266 1435 3332 ᾗ

290 3350 403 3406 stertuit
421 3354 480 3403 DV
511 3351 520 3418 11
552 3352 586 3401 25
613 3347 666 3402 tibi
695 3334 745 3401 om.
771 3353 795 3398 Ν
828 3351 832 3414 1
866 3349 1096 3407 contulerunt's:
1126 3350 1296 3404 contulerint
1317 3357 1376 3404 Η
1405 3359 1437 3420 et,

289 3444 346 3496 nisi
364 3442 436 3511 quod
454 3445 517 3494 ante
536 3455 551 3491 c
570 3451 670 3492 rasura
688 3443 703 3491 1
724 3438 767 3490 uei
785 3441 805 3490 2
824 3437 890 3504 litt,
909 3441 931 3487 V
955 3454 1017 3490 cum
1036 3437 1153 3492 tulerint
1169 3445 1190 3490 D
1215 3443 1219 3506 1
1241 3440 1371 3508 eoelestia
1390 3447 1411 3493 F
1431 3443 1439 3510 1

290 3539 323 3586 26
338 3532 396 3584 Nec
411 3535 431 3581 F
445 3547 479 3584 rn.
495 3534 510 3582 1
525 3527 528 3597 1
540 3544 575 3580 ns
589 3531 613 3579 ΙΙ
627 3535 697 3591 {ne
712 3530 747 3578 V:
761 3542 806 3579 me
820 3531 873 3577 DF
889 3526 956 3593 (sine
970 3527 1054 3580 (tutio
1069 3528 1112 3596 0);
1127 3544 1194 3580 num
1208 3526 1266 3580 Nee
1276 3526 1416 3583 tibimet?
1433 3531 1436 3596 1

289 3621 421 3689 matrem]
441 3618 529 3672 uirem
547 3621 582 3684 F,
602 3631 670 3669 corr.
690 3631 740 3683 nup.
761 3632 794 3667 rn.
815 3620 833 3668 2
858 3617 867 3683 11
896 3620 929 3667 27
954 3615 1019 3667 sunt
1041 3615 1138 3683 partus
1158 3620 1189 3668 0:
1213 3619 1312 3684 partus
1335 3621 1438 3672 suntF

289 3727 323 3762 n.
343 3713 362 3762 2
384 3708 482 3776 (siquis
500 3705 653 3773 appositis),
672 3708 696 3755 ΙΙ
722 3705 732 3772 1
760 3709 793 3757 28
825 3721 881 3757 uon
899 3719 964 3774 pars
983 3721 1128 3772 perrexere
1147 3705 1221 3760 bona
1238 3712 1273 3772 F,
1298 3724 1368 3761 corr.
1386 3725 1437 3777 nrp.

290 3815 324 3850 n.
344 3799 434 3866 21129
454 3812 483 3848 es
501 3795 601 3847 limata
618 3800 653 3863 F,
672 3811 740 3848 corr.
759 3809 810 3862 inp.
830 3811 864 3846 m.
884 3795 983 3862 21129,
1003 3801 1044 3861 32,
1065 3801 1108 3862 31,
1127 3801 1161 3848 30
1179 3795 1312 3860 Sicinius,
1331 3803 1375 3865 31,
1396 3805 1439 3864 30,

290 3929 333 3990 29,
354 3927 387 3974 32
407 3920 603 3973 Lachmannus
621 3920 835 3987 transponerent
848 3921 858 3988 11
872 3924 906 3972 30
925 3919 1090 3972 accumbens
1109 3924 1127 3970 0
1147 3897 1299 3986 (aiunbens
1322 3925 1344 3971 V
1368 3939 1402 3977 m.
1423 3929 1438 3976 1

289 4030 323 4067 eu
338 4014 488 4075 acun}1ns
503 4009 591 4076 corut,
607 4024 675 4062 corr.
691 4023 707 4065 ς
721 4009 731 4076 11
745 4015 778 4062 33
798 4009 857 4062 Hac
871 4014 893 4059 F
906 4025 940 4061 in.
956 4011 988 4075 2,
1007 4013 1031 4059 n
1044 4013 1081 4062 V:
1100 4010 1139 4062 At
1155 4017 1177 4062 D
1191 4015 1212 4060 F
1229 4011 1232 4076 1
1248 4027 1305 4066 nun
1319 4014 1342 4060 V
1358 4012 1438 4080 (corr.

289 4152 341 4205 nup.
356 4153 390 4190 n.
405 4137 445 4204 21,
465 4138 483 4186 ri
498 4135 543 4202 (==
557 4134 624 4201 non)
642 4132 674 4185 in
692 4108 872 4200 n⁰(=nunc)
896 4148 964 4186 corr.
984 4136 1020 4196 ΙΙ,
1048 4148 1105 4185 non
1127 4131 1212 4184 miror
1235 4130 1404 4186 Fonteinius
1434 4133 1437 4204 ξ

291 4225 391 4294 flagrat
410 4225 481 4278 iden
500 4229 524 4276 ct
542 4223 664 4278 Keilius:
683 4221 784 4290 flagret
803 4223 893 4290 01134
912 4221 1059 4275 Pulchrius
1077 4224 1136 4273 DV
1153 4224 1156 4289 1
1172 4220 1236 4290 hac]
1258 4222 1288 4274 at
1305 4226 1327 4272 F
1345 4239 1380 4276 nc.
1400 4229 1415 4276 1
1432 4223 1434 4290 1

291 4320 324 4366 39
346 4313 393 4368 sed
413 4313 483 4367 haec
502 4313 615 4380 scripsi:
633 4311 747 4379 quidem
766 4312 856 4379 01140
875 4310 999 4380 priamus
1019 4315 1050 4364 0:
1068 4309 1169 4379 priam'
1187 4327 1221 4364 nu.
1241 4315 1256 4363 1
1277 4327 1310 4362 eu
1329 4310 1440 4379 priamo

293 4417 362 4455 corr.
381 4404 405 4451 ll
430 4403 434 4468 1
459 4399 532 4454 foret
550 4414 566 4456 ς
