3004 5068
530 339 815 397 PROLEGOMENA.
1213 339 1250 396 LI

79 503 160 569 hoc
194 526 324 570 carmen
351 503 393 570 ad
421 527 449 570 a
472 505 515 569 23
543 507 722 571 referamus
749 506 904 590 tertiique
930 505 1006 570 libri
1036 506 1250 572 nouissimum

82 613 239 706 aiamus.

194 717 243 784 De
266 719 371 804 elegia
394 723 503 784 autem
526 718 559 784 Π
584 721 619 804 7,
648 741 746 804 quam
775 724 850 784 ante
881 719 1021 785 alterum
1043 721 1164 786 Panthi
1186 719 1252 785 Ro-

83 849 193 891 mam
215 826 355 891 reditum
385 827 541 912 scriptam
564 847 693 910 cense0,
721 827 770 891 ita
791 825 907 892 iudico.
944 827 1085 911 priorem
1109 827 1251 913 Augusti

83 933 308 1018 rogationem
337 937 474 999 exeunte
502 955 530 999 a.
554 935 595 999 27
627 934 735 998 locum
767 932 920 999 habuisse
953 937 1067 999 contra
1095 935 1252 1019 lipsium,

85 1063 201 1125 quem
228 1041 374 1126 plerique
402 1045 596 1125 sequuntur,
628 1044 718 1105 recte
744 1041 982 1106 demonstrasse
1015 1041 1096 1106 mihi
1123 1041 1251 1106 uidetur

86 1147 336 1233 Hertzbergius
362 1146 546 1232 [Ipaaeq
570 1149 722 1213 sedeam
746 1148 949 1232 antiquatam
974 1169 1044 1213 esse
1068 1171 1153 1214 anno
1178 1150 1251 1213 su'b·

87 1255 254 1340 sequenti
277 1277 343 1319 non
367 1254 449 1319 bene
473 1255 641 1320 contendit
664 1255 757 1320 idem:
781 1255 844 1319 hoe
867 1255 991 1320 scilicet
1014 1256 1161 1321 refutant
1174 1256 1251 1321 Pro-

86 1363 202 1446 pertii
221 1362 322 1426 uerba
339 1361 415 1446 ‘qua
433 1362 627 1447 quondam
647 1360 751 1426 edicta
764 1360 879 1427 fiemus
894 1364 1030 1447 uterque
1050 1361 1141 1427 diu'.
1168 1362 1252 1427 unde

88 1471 168 1534 duo
197 1469 308 1534 saltim
336 1491 438 1534 annos
467 1469 690 1534 intercessisse
715 1469 790 1555 quia
820 1469 1028 1533 statuendum
1052 1473 1115 1554 est,
1143 1470 1253 1535 detru-

89 1577 214 1641 dimur
243 1577 284 1640 ad
314 1599 341 1641 a.
365 1575 562 1641 25110124.
604 1574 791 1660 gaudebant
823 1579 931 1640 autem
965 1580 1114 1642 amantes
1146 1578 1251 1661 legem

91 1685 269 1749 sublatam
296 1681 370 1748 ideo
395 1682 480 1769 quod
502 1703 542 1748 ea
564 1683 690 1767 perlata
711 1686 810 1766 poete
832 1683 989 1747 amasiam
1012 1683 1252 1748 meretriculam

91 1789 152 1877 (et
184 1791 422 1856 meretriculam
452 1789 554 1854 fuisse
583 1787 761 1873 Cynthiam
790 1791 842 1853 tot
870 1789 933 1854 loci
961 1790 1047 1854 clare
1078 1793 1252 1875 aperteque

90 1898 252 1963 indicant
273 1900 311 1962 ut
334 1895 603 1962 obscurissimum
628 1897 672 1961 sit
694 1895 855 1980 quomodo
876 1899 953 1980 post
966 1894 1173 1980 Hertzbergii
1190 1896 1252 1961 hac

93 2005 141 2070 de
168 2027 204 2070 re
228 2003 483 2089 disputationem
508 2003 538 2084 [I
560 2025 591 2086 p.
615 2001 659 2067 35
673 2004 757 2088 sqq.]
780 2003 966 2086 nuperrime
994 2003 1132 2068 existere
1156 2007 1250 2086 potu-

93 2113 168 2176 erit
196 2112 251 2197 qui
279 2111 369 2176 illam
397 2133 457 2196 pro
485 2110 620 2174 muliere
648 2109 753 2174 nobili
780 2111 944 2194 nuptaque
972 2109 1070 2174 uellet
1097 2108 1251 2194 uendere)

92 2219 289 2303 relinquere
312 2218 469 2300 iustisque
493 2239 527 2282 se
550 2217 683 2301 iungere
705 2216 830 2300 nuptiis
854 2214 1001 2280 debebat.
1031 2219 1174 2280 ceterum
1192 2217 1251 2280 mi-

92 2347 178 2388 rum
200 2324 298 2407 foret,
325 2325 389 2388 nisi
412 2323 583 2388 diuturnae
611 2323 699 2388 illius
726 2323 882 2387 tristitiae
913 2322 1045 2406 aliquod
1068 2328 1253 2407 superesset

94 2431 290 2516 uestigium.
327 2434 361 2495 et
382 2430 541 2515 reperisse
565 2429 646 2493 mihi
669 2429 782 2498 uideor
803 2429 871 2494 tale
894 2430 1079 2514 uestigium.
1118 2451 1194 2494 nam
1217 2430 1253 2494 in
1276 2483 1281 2494 .

101 2538 215 2624 elegia
228 2536 261 2602 ΙΙ
280 2538 323 2602 30
342 2559 380 2602 ex
395 2537 495 2602 uariis
509 2535 702 2622 fragmentis
717 2535 857 2600 conflata
871 2537 1025 2621 leguntur
1043 2560 1095 2601 uu.
1111 2537 1154 2601 23
1170 2559 1253 2623 sqq:

240 2679 314 2746 Una
337 2683 525 2746 contentum
548 2679 669 2764 pudeat
692 2700 743 2744 me
766 2678 877 2744 uiuere
902 2678 1029 2744 amica?

289 2787 359 2852 Hoc
384 2787 411 2850 si
435 2787 556 2851 crimen
575 2787 644 2872 erit,
668 2787 789 2852 crimen
808 2785 940 2850 Amoris
965 2785 1038 2850 erit:

240 2893 287 2958 Mi
309 2916 405 2959 nemo
429 2893 559 2959 obiciat.
950 2899 953 2904 '

98 3058 207 3121 praue
225 3037 260 3101 in
278 3036 329 3102 his
349 3057 382 3100 se
403 3035 502 3101 habet
520 3058 584 3101 uox
604 3035 700 3102 ‘anal
731 3041 821 3102 certa
840 3041 872 3100 et
891 3038 1043 3102 constans
1063 3040 1112 3102 est
1130 3037 1252 3102 locutio

99 3145 196 3210 ‘esse
219 3166 285 3208 una
313 3148 502 3209 contentum
525 3140 605 3227 (uno
629 3140 856 3229 contentam)’,
884 3143 975 3208 cuius
1005 3145 1152 3228 exempla
1175 3143 1253 3210 olim

100 3251 257 3316 dabimus
281 3252 316 3316 in
339 3250 572 3316 commentario
597 3250 638 3314 ad
657 3248 780 3315 catulli
802 3247 960 3315 LXVIIP'
983 3250 1040 3334 953
1065 3249 1254 3336 designatur

101 3360 195 3424 enim
216 3360 245 3424 is
268 3359 322 3444 qui
347 3357 422 3422 aliis
444 3357 574 3422 feminis
594 3357 713 3442 spretis
741 3357 775 3421 in
798 3379 863 3422 una
886 3355 1031 3442 domina,
1058 3361 1096 3422 ut
1119 3357 1166 3420 ait
1188 3356 1253 3438 ille,

100 3465 187 3530 facit
213 3465 347 3530 delicias
373 3464 599 3548 libidinesque.
641 3463 756 3548 quodsi
784 3464 819 3528 in
851 3484 917 3529 una
949 3464 1082 3549 solaque
1111 3461 1253 3548 Cynthia

102 3593 251 3638 amorem
275 3570 423 3637 cohibuit
446 3570 648 3656 Propertius,
678 3574 807 3635 tantum
830 3570 913 3635 afuit
935 3574 972 3635 ut
992 3571 1055 3636 hoc
1078 3571 1119 3635 ab
1143 3569 1252 3652 aliquo

102 3702 166 3764 pro
191 3679 325 3743 crimine
348 3679 378 3742 ei
401 3682 513 3762 posset
536 3678 633 3758 obici,
660 3681 698 3742 ut
721 3700 850 3742 summa
878 3681 964 3742 esset
987 3677 1123 3764 dignum
1150 3676 1253 3742 laude.

103 3807 222 3872 neque,
244 3789 282 3850 ut
304 3785 421 3851 docent
445 3788 614 3870 sequentes
632 3807 756 3869 uersus,
778 3785 841 3849 hoc
865 3784 895 3848 ei
914 3784 1075 3850 obiectum
1099 3787 1178 3869 erat,
1197 3783 1253 3848 sed

103 3893 190 3958 illud
211 3893 331 3977 potius,
355 3891 441 3978 quod
461 3891 592 3956 omnino
615 3891 751 3956 haberet
770 3892 922 3956 amicam:
945 3891 1102 3976 innuptas
1121 3891 1253 3975 nuptias

104 4001 136 4065 ei
161 4000 336 4084 opprobrio
360 4001 528 4064 uerterant
551 4019 643 4062 senes
667 3998 739 4063 duri
763 3997 868 4084 (uides
892 4020 948 4063 cur
970 4021 1000 4062 u.
1016 3999 1057 4062 13
1081 3999 1252 4062 restituen-

104 4108 185 4172 dum
199 4105 424 4192 proposuerim
438 4102 625 4191 ‘conubia').
654 4104 740 4189 quod
755 4105 968 4191 opprobrium
980 4108 1154 4189 postquam
1169 4104 1253 4188 aptis

105 4214 221 4280 reiecit
244 4213 414 4298 exemplis,
436 4213 483 4277 ita
507 4211 670 4277 concludit
694 4236 722 4276 u.
741 4212 782 4276 31
799 4235 858 4296 sq:

243 4352 365 4429 Quodsi
387 4377 482 4420 nemo
507 4357 605 4438 extat,
628 4354 684 4436 qui
706 4353 823 4419 uicerit
846 4354 933 4418 alitis
958 4375 1057 4437 arma,

292 4459 480 4527 Communis
504 4462 617 4547 cnlpae
641 4482 793 4526 currens
818 4483 914 4526 unus
939 4461 1041 4546 agor?

1003 4566 1041 4621 d*
