<?xml version="1.0" encoding="UTF-8"?>
<!DOCTYPE html PUBLIC "-//W3C//DTD XHTML 1.0 Transitional//EN"
    "http://www.w3.org/TR/xhtml1/DTD/xhtml1-transitional.dtd">
<html xmlns="http://www.w3.org/1999/xhtml" xml:lang="en" lang="en">
 <head>
  <title>
</title>
<meta http-equiv="Content-Type" content="text/html;charset=utf-8" />
  <meta name='ocr-system' content='tesseract 3.04.00' />
  <meta name='ocr-capabilities' content='ocr_page ocr_carea ocr_par ocr_line ocrx_word'/>
</head>
<body>
  <div class='ocr_page' id='page_1' title='image "./elegiarumlibrii00propgoog_0159.png"; bbox 0 0 3052 5044; ppageno 0'>
   <div class='ocr_carea' id='block_1_1' title="bbox 608 277 1067 334">
    <p class='ocr_par' dir='ltr' id='par_1_1' title="bbox 608 277 1067 334">
     <span class='ocr_line' id='line_1_1' title="bbox 608 277 1067 334; baseline -0.004 -1"><span class='ocrx_word' id='word_1_1' title='bbox 608 278 804 334; x_wconf 80' lang='lat' dir='ltr'>PROPERTII</span> <span class='ocrx_word' id='word_1_2' title='bbox 822 277 889 332; x_wconf 80' lang='lat' dir='ltr'>LlB.</span> <span class='ocrx_word' id='word_1_3' title='bbox 909 277 942 330; x_wconf 92' lang='grc' dir='ltr'>Π.</span> <span class='ocrx_word' id='word_1_4' title='bbox 963 283 1005 332; x_wconf 93' lang='grc'>33,</span> <span class='ocrx_word' id='word_1_5' title='bbox 1025 283 1067 332; x_wconf 81' lang='grc'>34.</span> 
     </span>
    </p>
   </div>
   <div class='ocr_carea' id='block_1_2' title="bbox 314 439 1287 953">
    <p class='ocr_par' dir='ltr' id='par_1_2' title="bbox 314 439 1287 953">
     <span class='ocr_line' id='line_1_2' title="bbox 402 439 1236 517; baseline -0.006 -10"><span class='ocrx_word' id='word_1_6' title='bbox 402 442 473 507; x_wconf 91' lang='lat' dir='ltr'>Iam</span> <span class='ocrx_word' id='word_1_7' title='bbox 496 442 585 507; x_wconf 84' lang='lat' dir='ltr'>bibe:</span> <span class='ocrx_word' id='word_1_8' title='bbox 608 443 753 507; x_wconf 86' lang='lat' dir='ltr'>formosa</span> <span class='ocrx_word' id='word_1_9' title='bbox 777 463 825 506; x_wconf 89' lang='lat' dir='ltr'>es:</span> <span class='ocrx_word' id='word_1_10' title='bbox 849 441 896 504; x_wconf 93' lang='lat' dir='ltr'>nil</span> <span class='ocrx_word' id='word_1_11' title='bbox 917 439 979 504; x_wconf 92' lang='lat' dir='ltr'>tibi</span> <span class='ocrx_word' id='word_1_12' title='bbox 1001 440 1079 504; x_wconf 89' lang='lat' dir='ltr'>uina</span> <span class='ocrx_word' id='word_1_13' title='bbox 1102 441 1236 517; x_wconf 78' lang='lat' dir='ltr'>nocent,</span> 
     </span>
     <span class='ocr_line' id='line_1_3' title="bbox 359 547 1287 633; baseline -0.005 -19"><span class='ocrx_word' id='word_1_14' title='bbox 359 547 440 615; x_wconf 82' lang='lat' dir='ltr'>(lum</span> <span class='ocrx_word' id='word_1_15' title='bbox 463 553 521 614; x_wconf 85' lang='lat' dir='ltr'>tua</span> <span class='ocrx_word' id='word_1_16' title='bbox 542 547 763 633; x_wconf 77' lang='lat' dir='ltr'>praependent</span> <span class='ocrx_word' id='word_1_17' title='bbox 785 547 943 612; x_wconf 89' lang='lat' dir='ltr'>demissae</span> <span class='ocrx_word' id='word_1_18' title='bbox 966 548 1001 611; x_wconf 93' lang='lat' dir='ltr'>in</span> <span class='ocrx_word' id='word_1_19' title='bbox 1023 547 1141 630; x_wconf 90' lang='lat' dir='ltr'>pocula</span> <span class='ocrx_word' id='word_1_20' title='bbox 1164 548 1287 628; x_wconf 89' lang='lat' dir='ltr'>sertae,</span> 
     </span>
     <span class='ocr_line' id='line_1_4' title="bbox 402 653 1171 746; baseline -0.005 -25"><span class='ocrx_word' id='word_1_21' title='bbox 402 657 447 721; x_wconf 82' lang='lat' dir='ltr'>Et</span> <span class='ocrx_word' id='word_1_22' title='bbox 470 679 542 721; x_wconf 90' lang='lat' dir='ltr'>mea</span> <span class='ocrx_word' id='word_1_23' title='bbox 565 655 703 721; x_wconf 89' lang='lat' dir='ltr'>deducta</span> <span class='ocrx_word' id='word_1_24' title='bbox 726 655 871 720; x_wconf 89' lang='lat' dir='ltr'>carmina</span> <span class='ocrx_word' id='word_1_25' title='bbox 894 675 973 719; x_wconf 87' lang='lat' dir='ltr'>uoce</span> <span class='ocrx_word' id='word_1_26' title='bbox 996 653 1088 738; x_wconf 88' lang='lat' dir='ltr'>legis.</span> <span class='ocrx_word' id='word_1_27' title='bbox 1144 679 1171 746; x_wconf 31' lang='grc' dir='ltr'><strong>χ</strong></span> 
     </span>
     <span class='ocr_line' id='line_1_5' title="bbox 358 760 1172 848; baseline -0.001 -21"><span class='ocrx_word' id='word_1_28' title='bbox 358 763 497 848; x_wconf 83' lang='lat' dir='ltr'>Largius</span> <span class='ocrx_word' id='word_1_29' title='bbox 522 763 622 829; x_wconf 88' lang='lat' dir='ltr'>effuso</span> <span class='ocrx_word' id='word_1_30' title='bbox 647 763 776 827; x_wconf 88' lang='lat' dir='ltr'>madeat</span> <span class='ocrx_word' id='word_1_31' title='bbox 799 761 861 826; x_wconf 90' lang='lat' dir='ltr'>tibi</span> <span class='ocrx_word' id='word_1_32' title='bbox 885 783 998 825; x_wconf 90' lang='lat' dir='ltr'>mensa</span> <span class='ocrx_word' id='word_1_33' title='bbox 1022 760 1172 844; x_wconf 87' lang='lat' dir='ltr'>Falerno,</span> 
     </span>
     <span class='ocr_line' id='line_1_6' title="bbox 314 868 1079 953; baseline -0.003 -19"><span class='ocrx_word' id='word_1_34' title='bbox 314 886 348 936; x_wconf 82' lang='lat'>40</span> <span class='ocrx_word' id='word_1_35' title='bbox 405 869 540 953; x_wconf 86' lang='lat' dir='ltr'>Spumet</span> <span class='ocrx_word' id='word_1_36' title='bbox 563 873 596 934; x_wconf 90' lang='lat' dir='ltr'>et</span> <span class='ocrx_word' id='word_1_37' title='bbox 620 873 733 934; x_wconf 90' lang='lat' dir='ltr'>aurato</span> <span class='ocrx_word' id='word_1_38' title='bbox 758 868 890 933; x_wconf 89' lang='lat' dir='ltr'>mollius</span> <span class='ocrx_word' id='word_1_39' title='bbox 913 868 948 930; x_wconf 92' lang='lat' dir='ltr'>in</span> <span class='ocrx_word' id='word_1_40' title='bbox 971 868 1079 932; x_wconf 91' lang='lat' dir='ltr'>calice.</span> 
     </span>
    </p>
   </div>
   <div class='ocr_carea' id='block_1_3' title="bbox 342 1015 1279 1616">
    <p class='ocr_par' dir='ltr' id='par_1_3' title="bbox 342 1015 1279 1616">
     <span class='ocr_line' id='line_1_7' title="bbox 836 1015 853 1054; baseline 0 0"><span class='ocrx_word' id='word_1_41' title='bbox 836 1015 853 1054; x_wconf 69' lang='lat' dir='ltr'>s</span> 
     </span>
     <span class='ocr_line' id='line_1_8' title="bbox 744 1103 939 1144; baseline 0 0"><span class='ocrx_word' id='word_1_42' title='bbox 744 1104 762 1144; x_wconf 67' lang='lat' dir='ltr'>a</span> <span class='ocrx_word' id='word_1_43' title='bbox 922 1103 939 1144; x_wconf 69' lang='lat' dir='ltr'>s</span> 
     </span>
     <span class='ocr_line' id='line_1_9' title="bbox 358 1205 1165 1290; baseline -0.005 -17"><span class='ocrx_word' id='word_1_44' title='bbox 358 1207 460 1273; x_wconf 84' lang='lat' dir='ltr'>Nulla</span> <span class='ocrx_word' id='word_1_45' title='bbox 482 1210 592 1272; x_wconf 90' lang='lat' dir='ltr'>tamen</span> <span class='ocrx_word' id='word_1_46' title='bbox 615 1209 699 1272; x_wconf 91' lang='lat' dir='ltr'>lecto</span> <span class='ocrx_word' id='word_1_47' title='bbox 722 1205 838 1290; x_wconf 85' lang='lat' dir='ltr'>recipit</span> <span class='ocrx_word' id='word_1_48' title='bbox 862 1228 896 1270; x_wconf 89' lang='lat' dir='ltr'>se</span> <span class='ocrx_word' id='word_1_49' title='bbox 921 1206 990 1271; x_wconf 90' lang='lat' dir='ltr'>sola</span> <span class='ocrx_word' id='word_1_50' title='bbox 1012 1206 1165 1269; x_wconf 77' lang='lat' dir='ltr'>libenter:</span> 
     </span>
     <span class='ocr_line' id='line_1_10' title="bbox 405 1311 1279 1399; baseline -0.005 -19"><span class='ocrx_word' id='word_1_51' title='bbox 405 1315 467 1380; x_wconf 81' lang='lat' dir='ltr'>Est</span> <span class='ocrx_word' id='word_1_52' title='bbox 491 1314 656 1399; x_wconf 77' lang='lat' dir='ltr'><strong>quiddam,</strong></span> <span class='ocrx_word' id='word_1_53' title='bbox 680 1314 766 1398; x_wconf 93' lang='lat' dir='ltr'>quod</span> <span class='ocrx_word' id='word_1_54' title='bbox 788 1334 848 1377; x_wconf 91' lang='lat' dir='ltr'>uos</span> <span class='ocrx_word' id='word_1_55' title='bbox 873 1334 1026 1397; x_wconf 84' lang='lat' dir='ltr'>quaerere</span> <span class='ocrx_word' id='word_1_56' title='bbox 1050 1316 1147 1397; x_wconf 85' lang='lat' dir='ltr'>cogat</span> <span class='ocrx_word' id='word_1_57' title='bbox 1168 1311 1279 1376; x_wconf 86' lang='lat' dir='ltr'>Amor.</span> 
     </span>
     <span class='ocr_line' id='line_1_11' title="bbox 342 1411 1181 1505; baseline -0.004 -20"><span class='ocrx_word' id='word_1_58' title='bbox 342 1411 494 1505; x_wconf 64' lang='lat' dir='ltr'>&#39;Semper</span> <span class='ocrx_word' id='word_1_59' title='bbox 516 1422 552 1485; x_wconf 88' lang='lat' dir='ltr'>in</span> <span class='ocrx_word' id='word_1_60' title='bbox 575 1420 719 1490; x_wconf 89' lang='lat' dir='ltr'>absentis</span> <span class='ocrx_word' id='word_1_61' title='bbox 743 1419 867 1484; x_wconf 85' lang='lat' dir='ltr'>felicior</span> <span class='ocrx_word' id='word_1_62' title='bbox 891 1423 998 1484; x_wconf 85' lang='lat' dir='ltr'>aestus</span> <span class='ocrx_word' id='word_1_63' title='bbox 1023 1422 1181 1483; x_wconf 88' lang='lat' dir='ltr'>amantes:</span> 
     </span>
     <span class='ocr_line' id='line_1_12' title="bbox 405 1526 1053 1616; baseline -0.002 -25"><span class='ocrx_word' id='word_1_64' title='bbox 405 1527 523 1592; x_wconf 81' lang='lat' dir='ltr'>Eleuat</span> <span class='ocrx_word' id='word_1_65' title='bbox 547 1528 693 1616; x_wconf 74' lang='lat' dir='ltr'>assiduos</span> <span class='ocrx_word' id='word_1_66' title='bbox 717 1527 812 1611; x_wconf 87' lang='lat' dir='ltr'>copia</span> <span class='ocrx_word' id='word_1_67' title='bbox 835 1527 935 1610; x_wconf 85' lang='lat' dir='ltr'>longa</span> <span class='ocrx_word' id='word_1_68' title='bbox 957 1526 1053 1590; x_wconf 89' lang='lat' dir='ltr'>uiros.</span> 
     </span>
    </p>
   </div>
   <div class='ocr_carea' id='block_1_4' title="bbox 738 1759 952 1769">
    <p class='ocr_par' dir='ltr' id='par_1_4' title="bbox 738 1759 952 1769">
     <span class='ocr_line' id='line_1_13' title="bbox 738 1759 952 1769; baseline -0.005 0"><span class='ocrx_word' id='word_1_69' title='bbox 738 1759 952 1769; x_wconf 75' lang='lat'>—-—---</span> 
     </span>
    </p>
   </div>
   <div class='ocr_carea' id='block_1_5' title="bbox 764 1938 924 2011">
    <p class='ocr_par' dir='ltr' id='par_1_5' title="bbox 764 1938 924 2011">
     <span class='ocr_line' id='line_1_14' title="bbox 764 1938 924 2011; baseline 0 -1"><span class='ocrx_word' id='word_1_70' title='bbox 764 1938 924 2011; x_wconf 88' lang='lat' dir='ltr'>XXXIV.</span> 
     </span>
    </p>
   </div>
   <div class='ocr_carea' id='block_1_6' title="bbox 361 2095 1296 2503">
    <p class='ocr_par' dir='ltr' id='par_1_6' title="bbox 361 2095 1296 2503">
     <span class='ocr_line' id='line_1_15' title="bbox 361 2095 1296 2179; baseline -0.002 -18"><span class='ocrx_word' id='word_1_71' title='bbox 361 2095 425 2172; x_wconf 80' lang='lat' dir='ltr'>Cur</span> <span class='ocrx_word' id='word_1_72' title='bbox 448 2095 618 2179; x_wconf 88' lang='lat' dir='ltr'>quisquam</span> <span class='ocrx_word' id='word_1_73' title='bbox 642 2095 757 2160; x_wconf 91' lang='lat' dir='ltr'>faciem</span> <span class='ocrx_word' id='word_1_74' title='bbox 781 2096 929 2162; x_wconf 89' lang='lat' dir='ltr'>dominae</span> <span class='ocrx_word' id='word_1_75' title='bbox 952 2118 1020 2160; x_wconf 92' lang='lat' dir='ltr'>non</span> <span class='ocrx_word' id='word_1_76' title='bbox 1043 2096 1146 2160; x_wconf 86' lang='lat' dir='ltr'>credit</span> <span class='ocrx_word' id='word_1_77' title='bbox 1169 2095 1296 2160; x_wconf 81' lang='lat' dir='ltr'>amari?</span> 
     </span>
     <span class='ocr_line' id='line_1_16' title="bbox 406 2201 1129 2288; baseline -0.001 -20"><span class='ocrx_word' id='word_1_78' title='bbox 406 2201 458 2268; x_wconf 85' lang='lat' dir='ltr'>Sic</span> <span class='ocrx_word' id='word_1_79' title='bbox 481 2205 591 2286; x_wconf 86' lang='lat' dir='ltr'>erepta</span> <span class='ocrx_word' id='word_1_80' title='bbox 615 2201 695 2267; x_wconf 91' lang='lat' dir='ltr'>mihi</span> <span class='ocrx_word' id='word_1_81' title='bbox 718 2225 821 2286; x_wconf 88' lang='lat' dir='ltr'>paene</span> <span class='ocrx_word' id='word_1_82' title='bbox 844 2203 953 2288; x_wconf 90' lang='lat' dir='ltr'>puella</span> <span class='ocrx_word' id='word_1_83' title='bbox 976 2225 1048 2268; x_wconf 88' lang='lat' dir='ltr'>mea</span> <span class='ocrx_word' id='word_1_84' title='bbox 1072 2207 1129 2268; x_wconf 88' lang='lat' dir='ltr'>est.</span> 
     </span>
     <span class='ocr_line' id='line_1_17' title="bbox 361 2309 1156 2394; baseline 0.001 -20"><span class='ocrx_word' id='word_1_85' title='bbox 361 2310 523 2393; x_wconf 76' lang='lat' dir='ltr'>Expertus</span> <span class='ocrx_word' id='word_1_86' title='bbox 547 2309 633 2373; x_wconf 89' lang='lat' dir='ltr'>dico:</span> <span class='ocrx_word' id='word_1_87' title='bbox 656 2331 751 2375; x_wconf 91' lang='lat' dir='ltr'>nemo</span> <span class='ocrx_word' id='word_1_88' title='bbox 776 2316 826 2376; x_wconf 91' lang='lat' dir='ltr'>est</span> <span class='ocrx_word' id='word_1_89' title='bbox 848 2312 883 2375; x_wconf 92' lang='lat' dir='ltr'>in</span> <span class='ocrx_word' id='word_1_90' title='bbox 907 2333 1016 2376; x_wconf 89' lang='lat' dir='ltr'>amore</span> <span class='ocrx_word' id='word_1_91' title='bbox 1039 2311 1156 2394; x_wconf 84' lang='lat' dir='ltr'>fidelis,</span> 
     </span>
     <span class='ocr_line' id='line_1_18' title="bbox 405 2415 1155 2503; baseline 0.004 -25"><span class='ocrx_word' id='word_1_92' title='bbox 405 2416 450 2479; x_wconf 82' lang='lat' dir='ltr'>Et</span> <span class='ocrx_word' id='word_1_93' title='bbox 471 2415 608 2480; x_wconf 88' lang='lat' dir='ltr'>formam</span> <span class='ocrx_word' id='word_1_94' title='bbox 632 2439 706 2481; x_wconf 90' lang='lat' dir='ltr'>raro</span> <span class='ocrx_word' id='word_1_95' title='bbox 730 2419 882 2483; x_wconf 89' lang='lat' dir='ltr'>nonsibi</span> <span class='ocrx_word' id='word_1_96' title='bbox 906 2417 1041 2503; x_wconf 89' lang='lat' dir='ltr'>quisque</span> <span class='ocrx_word' id='word_1_97' title='bbox 1063 2419 1155 2502; x_wconf 90' lang='lat' dir='ltr'>petit.</span> 
     </span>
    </p>
   </div>
   <div class='ocr_carea' id='block_1_7' title="bbox 250 2519 1245 2927">
    <p class='ocr_par' dir='ltr' id='par_1_7' title="bbox 250 2519 1245 2927">
     <span class='ocr_line' id='line_1_19' title="bbox 250 2519 1126 2609; baseline 0.001 -22"><span class='ocrx_word' id='word_1_98' title='bbox 250 2519 254 2526; x_wconf 73' lang='grc'><strong><em>’</em></strong></span> <span class='ocrx_word' id='word_1_99' title='bbox 338 2522 487 2588; x_wconf 80' lang='lat' dir='ltr'>oPolluit</span> <span class='ocrx_word' id='word_1_100' title='bbox 509 2521 563 2586; x_wconf 93' lang='lat' dir='ltr'>ille</span> <span class='ocrx_word' id='word_1_101' title='bbox 586 2523 665 2588; x_wconf 89' lang='lat' dir='ltr'>deus</span> <span class='ocrx_word' id='word_1_102' title='bbox 688 2527 859 2609; x_wconf 85' lang='lat' dir='ltr'>cognatos,</span> <span class='ocrx_word' id='word_1_103' title='bbox 883 2525 982 2590; x_wconf 89' lang='lat' dir='ltr'>soluit</span> <span class='ocrx_word' id='word_1_104' title='bbox 1005 2524 1126 2589; x_wconf 89' lang='lat' dir='ltr'>amicos</span> 
     </span>
     <span class='ocr_line' id='line_1_20' title="bbox 405 2629 1187 2695; baseline -0.001 -1"><span class='ocrx_word' id='word_1_105' title='bbox 405 2629 450 2694; x_wconf 78' lang='lat' dir='ltr'>Et</span> <span class='ocrx_word' id='word_1_106' title='bbox 472 2629 553 2693; x_wconf 91' lang='lat' dir='ltr'>bene</span> <span class='ocrx_word' id='word_1_107' title='bbox 578 2630 753 2694; x_wconf 89' lang='lat' dir='ltr'>concordes</span> <span class='ocrx_word' id='word_1_108' title='bbox 776 2631 883 2695; x_wconf 88' lang='lat' dir='ltr'>tristia</span> <span class='ocrx_word' id='word_1_109' title='bbox 907 2630 948 2694; x_wconf 91' lang='lat' dir='ltr'>ad</span> <span class='ocrx_word' id='word_1_110' title='bbox 970 2653 1060 2695; x_wconf 89' lang='lat' dir='ltr'>arma</span> <span class='ocrx_word' id='word_1_111' title='bbox 1083 2633 1187 2695; x_wconf 92' lang='lat' dir='ltr'>uocat.</span> 
     </span>
     <span class='ocr_line' id='line_1_21' title="bbox 362 2736 1245 2821; baseline -0.002 -20"><span class='ocrx_word' id='word_1_112' title='bbox 362 2737 459 2801; x_wconf 89' lang='lat' dir='ltr'>Hunc</span> <span class='ocrx_word' id='word_1_113' title='bbox 481 2757 539 2821; x_wconf 90' lang='lat' dir='ltr'>per</span> <span class='ocrx_word' id='word_1_114' title='bbox 562 2736 596 2800; x_wconf 92' lang='lat' dir='ltr'>in</span> <span class='ocrx_word' id='word_1_115' title='bbox 618 2736 795 2819; x_wconf 72' lang='lat' dir='ltr'>hospitium</span> <span class='ocrx_word' id='word_1_116' title='bbox 818 2737 966 2802; x_wconf 78' lang='lat' dir='ltr'>Menelao</span> <span class='ocrx_word' id='word_1_117' title='bbox 991 2739 1084 2803; x_wconf 91' lang='lat' dir='ltr'>uenit</span> <span class='ocrx_word' id='word_1_118' title='bbox 1108 2737 1245 2816; x_wconf 80' lang='lat' dir='ltr'>adulter,</span> 
     </span>
     <span class='ocr_line' id='line_1_22' title="bbox 408 2841 1228 2927; baseline -0.001 -20"><span class='ocrx_word' id='word_1_119' title='bbox 408 2841 537 2908; x_wconf 78' lang='lat' dir='ltr'>Colchis</span> <span class='ocrx_word' id='word_1_120' title='bbox 562 2846 593 2906; x_wconf 92' lang='lat' dir='ltr'>et</span> <span class='ocrx_word' id='word_1_121' title='bbox 616 2841 765 2927; x_wconf 85' lang='lat' dir='ltr'>ignotum</span> <span class='ocrx_word' id='word_1_122' title='bbox 788 2847 881 2909; x_wconf 90' lang='lat' dir='ltr'>nocte</span> <span class='ocrx_word' id='word_1_123' title='bbox 906 2848 1016 2909; x_wconf 89' lang='lat' dir='ltr'>secuta</span> <span class='ocrx_word' id='word_1_124' title='bbox 1038 2845 1146 2908; x_wconf 92' lang='lat' dir='ltr'>uirum</span> <span class='ocrx_word' id='word_1_125' title='bbox 1170 2847 1228 2906; x_wconf 88' lang='lat' dir='ltr'>est.</span> 
     </span>
    </p>
   </div>
   <div class='ocr_carea' id='block_1_8' title="bbox 274 3033 1432 3374">
    <p class='ocr_par' dir='ltr' id='par_1_8' title="bbox 274 3033 1432 3374">
     <span class='ocr_line' id='line_1_23' title="bbox 347 3033 1431 3104; baseline 0.001 -16"><span class='ocrx_word' id='word_1_126' title='bbox 347 3035 425 3089; x_wconf 80' lang='lat' dir='ltr'>Tasr.</span> <span class='ocrx_word' id='word_1_127' title='bbox 471 3040 514 3102; x_wconf 85' lang='grc'>33,</span> <span class='ocrx_word' id='word_1_128' title='bbox 534 3040 576 3088; x_wconf 93' lang='grc'>37.</span> <span class='ocrx_word' id='word_1_129' title='bbox 621 3033 798 3088; x_wconf 79' lang='lat' dir='ltr'>Charisius</span> <span class='ocrx_word' id='word_1_130' title='bbox 821 3054 848 3104; x_wconf 92' lang='lat' dir='ltr'>p.</span> <span class='ocrx_word' id='word_1_131' title='bbox 871 3042 930 3103; x_wconf 86' lang='grc'><strong>107,</strong></span> <span class='ocrx_word' id='word_1_132' title='bbox 950 3035 1041 3091; x_wconf 82' lang='lat' dir='ltr'>25X.:</span> <span class='ocrx_word' id='word_1_133' title='bbox 1075 3035 1168 3090; x_wconf 84' lang='lat' dir='ltr'>‘Serta</span> <span class='ocrx_word' id='word_1_134' title='bbox 1199 3037 1297 3090; x_wconf 87' lang='lat' dir='ltr'>neutro</span> <span class='ocrx_word' id='word_1_135' title='bbox 1320 3051 1431 3104; x_wconf 84' lang='lat' dir='ltr'>genero</span> 
     </span>
     <span class='ocr_line' id='line_1_24' title="bbox 276 3123 1429 3192; baseline 0.001 -14"><span class='ocrx_word' id='word_1_136' title='bbox 276 3123 426 3178; x_wconf 87' lang='lat' dir='ltr'>dicuntur.</span> <span class='ocrx_word' id='word_1_137' title='bbox 444 3162 449 3174; x_wconf 93' lang='lat'>.</span> <span class='ocrx_word' id='word_1_138' title='bbox 466 3163 472 3174; x_wconf 91' lang='lat'>.</span> <span class='ocrx_word' id='word_1_139' title='bbox 488 3163 513 3190; x_wconf 79' lang='grc'>.,</span> <span class='ocrx_word' id='word_1_140' title='bbox 532 3123 582 3176; x_wconf 90' lang='lat' dir='ltr'>sed</span> <span class='ocrx_word' id='word_1_141' title='bbox 600 3123 799 3192; x_wconf 86' lang='lat' dir='ltr'>Propertius</span> <span class='ocrx_word' id='word_1_142' title='bbox 818 3124 951 3179; x_wconf 87' lang='lat' dir='ltr'>feminine</span> <span class='ocrx_word' id='word_1_143' title='bbox 970 3124 1071 3178; x_wconf 86' lang='lat' dir='ltr'>extulit</span> <span class='ocrx_word' id='word_1_144' title='bbox 1090 3125 1140 3179; x_wconf 81' lang='lat' dir='ltr'>rio:</span> <span class='ocrx_word' id='word_1_145' title='bbox 1166 3126 1225 3178; x_wconf 91' lang='lat' dir='ltr'>tua</span> <span class='ocrx_word' id='word_1_146' title='bbox 1239 3156 1268 3163; x_wconf 96' lang='lat'>—</span> <span class='ocrx_word' id='word_1_147' title='bbox 1284 3127 1429 3179; x_wconf 85' lang='lat' dir='ltr'>sertae&#39;.</span> 
     </span>
     <span class='ocr_line' id='line_1_25' title="bbox 275 3203 1432 3285; baseline 0 -17"><span class='ocrx_word' id='word_1_148' title='bbox 275 3211 341 3268; x_wconf 79' lang='lat' dir='ltr'>hine</span> <span class='ocrx_word' id='word_1_149' title='bbox 359 3211 455 3266; x_wconf 80' lang='lat' dir='ltr'>hausit</span> <span class='ocrx_word' id='word_1_150' title='bbox 474 3213 571 3265; x_wconf 89' lang='lat' dir='ltr'>auctor</span> <span class='ocrx_word' id='word_1_151' title='bbox 594 3228 747 3281; x_wconf 79' lang='lat' dir='ltr'>anonymus</span> <span class='ocrx_word' id='word_1_152' title='bbox 771 3214 805 3267; x_wconf 91' lang='lat' dir='ltr'>de</span> <span class='ocrx_word' id='word_1_153' title='bbox 829 3215 921 3268; x_wconf 87' lang='lat' dir='ltr'>dubiis</span> <span class='ocrx_word' id='word_1_154' title='bbox 944 3214 1101 3269; x_wconf 87' lang='lat' dir='ltr'>nominibus</span> <span class='ocrx_word' id='word_1_155' title='bbox 1125 3203 1255 3285; x_wconf 85' lang='lat' dir='ltr'>[gramm.</span> <span class='ocrx_word' id='word_1_156' title='bbox 1275 3214 1323 3270; x_wconf 89' lang='lat' dir='ltr'>lat.</span> <span class='ocrx_word' id='word_1_157' title='bbox 1344 3213 1382 3268; x_wconf 88' lang='lat' dir='ltr'>K.</span> <span class='ocrx_word' id='word_1_158' title='bbox 1406 3215 1432 3268; x_wconf 90' lang='lat' dir='ltr'>V</span> 
     </span>
     <span class='ocr_line' id='line_1_26' title="bbox 274 3301 887 3374; baseline -0.003 -16"><span class='ocrx_word' id='word_1_159' title='bbox 274 3322 302 3374; x_wconf 93' lang='lat' dir='ltr'>p.</span> <span class='ocrx_word' id='word_1_160' title='bbox 323 3309 383 3372; x_wconf 80' lang='grc'>090,</span> <span class='ocrx_word' id='word_1_161' title='bbox 403 3308 450 3371; x_wconf 82' lang='lat'>24,</span> <span class='ocrx_word' id='word_1_162' title='bbox 469 3301 517 3369; x_wconf 88' lang='lat' dir='ltr'>qui</span> <span class='ocrx_word' id='word_1_163' title='bbox 536 3301 623 3357; x_wconf 85' lang='lat' dir='ltr'>habet</span> <span class='ocrx_word' id='word_1_164' title='bbox 643 3302 718 3356; x_wconf 82' lang='lat' dir='ltr'>‘cum</span> <span class='ocrx_word' id='word_1_165' title='bbox 737 3302 797 3356; x_wconf 88' lang='lat' dir='ltr'>tua’</span> <span class='ocrx_word' id='word_1_166' title='bbox 819 3305 887 3372; x_wconf 79' lang='lat' dir='ltr'>eqs]</span> 
     </span>
    </p>
   </div>
   <div class='ocr_carea' id='block_1_9' title="bbox 274 3463 1433 3801">
    <p class='ocr_par' dir='ltr' id='par_1_9' title="bbox 274 3463 1433 3801">
     <span class='ocr_line' id='line_1_27' title="bbox 346 3463 1432 3533; baseline 0 -15"><span class='ocrx_word' id='word_1_167' title='bbox 346 3465 415 3521; x_wconf 75' lang='lat' dir='ltr'>Vna.</span> <span class='ocrx_word' id='word_1_168' title='bbox 435 3482 509 3519; x_wconf 73' lang='lat' dir='ltr'>incr.</span> <span class='ocrx_word' id='word_1_169' title='bbox 547 3470 581 3517; x_wconf 90' lang='grc'>37</span> <span class='ocrx_word' id='word_1_170' title='bbox 600 3463 794 3533; x_wconf 81' lang='lat' dir='ltr'>praependent</span> <span class='ocrx_word' id='word_1_171' title='bbox 811 3469 832 3515; x_wconf 84' lang='grc'>1·</span> <span class='ocrx_word' id='word_1_172' title='bbox 847 3469 883 3532; x_wconf 86' lang='grc'>17,</span> <span class='ocrx_word' id='word_1_173' title='bbox 904 3464 1061 3518; x_wconf 75' lang='lat' dir='ltr'>Charisius:</span> <span class='ocrx_word' id='word_1_174' title='bbox 1079 3463 1254 3533; x_wconf 89' lang='lat' dir='ltr'>perpendent</span> <span class='ocrx_word' id='word_1_175' title='bbox 1270 3466 1328 3515; x_wconf 83' lang='grc'>117</span> <span class='ocrx_word' id='word_1_176' title='bbox 1350 3465 1355 3529; x_wconf 94' lang='grc'>1</span> <span class='ocrx_word' id='word_1_177' title='bbox 1380 3465 1432 3518; x_wconf 88' lang='lat' dir='ltr'>de·</span> 
     </span>
     <span class='ocr_line' id='line_1_28' title="bbox 274 3552 1433 3622; baseline -0.002 -14"><span class='ocrx_word' id='word_1_178' title='bbox 274 3553 375 3608; x_wconf 84' lang='lat' dir='ltr'>missae</span> <span class='ocrx_word' id='word_1_179' title='bbox 387 3554 523 3607; x_wconf 85' lang='lat' dir='ltr'>—sertae</span> <span class='ocrx_word' id='word_1_180' title='bbox 543 3552 689 3606; x_wconf 79' lang='lat' dir='ltr'>Charisius</span> <span class='ocrx_word' id='word_1_181' title='bbox 707 3556 732 3606; x_wconf 85' lang='lat' dir='ltr'>el</span> <span class='ocrx_word' id='word_1_182' title='bbox 757 3553 799 3619; x_wconf 82' lang='lat' dir='ltr'>(ea</span> <span class='ocrx_word' id='word_1_183' title='bbox 821 3553 870 3606; x_wconf 86' lang='lat' dir='ltr'>boc</span> <span class='ocrx_word' id='word_1_184' title='bbox 892 3553 1084 3622; x_wconf 77' lang='lat' dir='ltr'>interpolatas)</span> <span class='ocrx_word' id='word_1_185' title='bbox 1103 3557 1139 3605; x_wconf 74' lang='lat' dir='ltr'>N:</span> <span class='ocrx_word' id='word_1_186' title='bbox 1163 3552 1285 3606; x_wconf 88' lang='lat' dir='ltr'>demissa</span> <span class='ocrx_word' id='word_1_187' title='bbox 1299 3583 1331 3591; x_wconf 92' lang='lat'>—</span> <span class='ocrx_word' id='word_1_188' title='bbox 1347 3555 1433 3606; x_wconf 85' lang='lat' dir='ltr'>serta</span> 
     </span>
     <span class='ocr_line' id='line_1_29' title="bbox 276 3641 1433 3712; baseline 0 -18"><span class='ocrx_word' id='word_1_189' title='bbox 276 3647 294 3694; x_wconf 98' lang='grc'><strong>0</strong></span> <span class='ocrx_word' id='word_1_190' title='bbox 309 3643 319 3710; x_wconf 94' lang='grc'>11</span> <span class='ocrx_word' id='word_1_191' title='bbox 333 3647 366 3695; x_wconf 88' lang='grc'>38</span> <span class='ocrx_word' id='word_1_192' title='bbox 386 3641 457 3711; x_wconf 88' lang='lat' dir='ltr'>legit</span> <span class='ocrx_word' id='word_1_193' title='bbox 474 3645 495 3692; x_wconf 77' lang='grc'>1</span> <span class='ocrx_word' id='word_1_194' title='bbox 518 3641 528 3709; x_wconf 94' lang='grc'>11</span> <span class='ocrx_word' id='word_1_195' title='bbox 550 3647 584 3695; x_wconf 84' lang='grc'>30</span> <span class='ocrx_word' id='word_1_196' title='bbox 605 3641 697 3696; x_wconf 82' lang='lat' dir='ltr'>alfuso</span> <span class='ocrx_word' id='word_1_197' title='bbox 715 3645 747 3694; x_wconf 86' lang='lat' dir='ltr'>al</span> <span class='ocrx_word' id='word_1_198' title='bbox 764 3641 822 3696; x_wconf 83' lang='lat' dir='ltr'>aid.</span> <span class='ocrx_word' id='word_1_199' title='bbox 841 3646 861 3692; x_wconf 79' lang='lat' dir='ltr'><strong>F</strong></span> <span class='ocrx_word' id='word_1_200' title='bbox 878 3641 882 3709; x_wconf 94' lang='grc'>1</span> <span class='ocrx_word' id='word_1_201' title='bbox 898 3641 994 3694; x_wconf 83' lang='lat' dir='ltr'>madet</span> <span class='ocrx_word' id='word_1_202' title='bbox 1011 3645 1036 3695; x_wconf 86' lang='lat' dir='ltr'>et</span> <span class='ocrx_word' id='word_1_203' title='bbox 1053 3641 1189 3711; x_wconf 90' lang='lat' dir='ltr'>phalerno</span> <span class='ocrx_word' id='word_1_204' title='bbox 1207 3646 1228 3693; x_wconf 68' lang='lat'>12</span> <span class='ocrx_word' id='word_1_205' title='bbox 1248 3643 1258 3712; x_wconf 91' lang='grc'>1</span> <span class='ocrx_word' id='word_1_206' title='bbox 1276 3647 1310 3694; x_wconf 79' lang='lat'>42</span> <span class='ocrx_word' id='word_1_207' title='bbox 1329 3657 1387 3694; x_wconf 89' lang='lat' dir='ltr'>uos</span> <span class='ocrx_word' id='word_1_208' title='bbox 1408 3648 1433 3693; x_wconf 96' lang='grc'>7</span> 
     </span>
     <span class='ocr_line' id='line_1_30' title="bbox 275 3729 1130 3801; baseline -0.005 -15"><span class='ocrx_word' id='word_1_209' title='bbox 275 3747 357 3798; x_wconf 79' lang='lat' dir='ltr'>cora,</span> <span class='ocrx_word' id='word_1_210' title='bbox 376 3736 414 3785; x_wconf 80' lang='lat' dir='ltr'>u:</span> <span class='ocrx_word' id='word_1_211' title='bbox 433 3745 483 3782; x_wconf 92' lang='lat' dir='ltr'>nos</span> <span class='ocrx_word' id='word_1_212' title='bbox 503 3733 537 3795; x_wconf 79' lang='lat'>⁰3</span> <span class='ocrx_word' id='word_1_213' title='bbox 555 3747 622 3785; x_wconf 78' lang='lat' dir='ltr'>arca</span> <span class='ocrx_word' id='word_1_214' title='bbox 641 3747 696 3799; x_wconf 92' lang='lat' dir='ltr'>quo</span> <span class='ocrx_word' id='word_1_215' title='bbox 715 3747 766 3784; x_wconf 88' lang='lat' dir='ltr'>nos</span> <span class='ocrx_word' id='word_1_216' title='bbox 780 3729 795 3784; x_wconf 77' lang='lat'>‚2</span> <span class='ocrx_word' id='word_1_217' title='bbox 809 3734 866 3801; x_wconf 83' lang='grc'><strong>1143</strong></span> <span class='ocrx_word' id='word_1_218' title='bbox 886 3731 1015 3786; x_wconf 81' lang='lat' dir='ltr'>absentes</span> <span class='ocrx_word' id='word_1_219' title='bbox 1033 3737 1055 3783; x_wconf 78' lang='lat' dir='ltr'>n</span> <span class='ocrx_word' id='word_1_220' title='bbox 1069 3734 1092 3782; x_wconf 89' lang='grc'>7</span> <span class='ocrx_word' id='word_1_221' title='bbox 1106 3736 1130 3783; x_wconf 90' lang='grc'>17</span> 
     </span>
    </p>
   </div>
   <div class='ocr_carea' id='block_1_10' title="bbox 274 3835 1434 4439">
    <p class='ocr_par' dir='ltr' id='par_1_10' title="bbox 274 3835 1434 4439">
     <span class='ocr_line' id='line_1_31' title="bbox 347 3835 1431 3907; baseline 0.002 -17"><span class='ocrx_word' id='word_1_222' title='bbox 347 3835 470 3890; x_wconf 89' lang='lat' dir='ltr'>XXXIV.</span> <span class='ocrx_word' id='word_1_223' title='bbox 508 3836 646 3891; x_wconf 81' lang='lat' dir='ltr'>Adhaeret</span> <span class='ocrx_word' id='word_1_224' title='bbox 664 3839 800 3906; x_wconf 78' lang='lat' dir='ltr'>superiori</span> <span class='ocrx_word' id='word_1_225' title='bbox 818 3838 850 3891; x_wconf 83' lang='lat' dir='ltr'>ia</span> <span class='ocrx_word' id='word_1_226' title='bbox 868 3842 900 3905; x_wconf 83' lang='grc'>0,</span> <span class='ocrx_word' id='word_1_227' title='bbox 919 3853 1082 3906; x_wconf 84' lang='lat' dir='ltr'>saparaaere</span> <span class='ocrx_word' id='word_1_228' title='bbox 1102 3838 1174 3892; x_wconf 87' lang='lat' dir='ltr'>Itali</span> <span class='ocrx_word' id='word_1_229' title='bbox 1196 3839 1205 3907; x_wconf 97' lang='grc'>11</span> <span class='ocrx_word' id='word_1_230' title='bbox 1234 3843 1247 3890; x_wconf 94' lang='grc'>1</span> <span class='ocrx_word' id='word_1_231' title='bbox 1267 3836 1431 3906; x_wconf 78' lang='lat' dir='ltr'>quidquam</span> 
     </span>
     <span class='ocr_line' id='line_1_32' title="bbox 275 3924 1434 3996; baseline 0.001 -17"><span class='ocrx_word' id='word_1_232' title='bbox 275 3933 311 3996; x_wconf 80' lang='lat' dir='ltr'>F,</span> <span class='ocrx_word' id='word_1_233' title='bbox 331 3943 399 3981; x_wconf 87' lang='lat' dir='ltr'>corr.</span> <span class='ocrx_word' id='word_1_234' title='bbox 418 3943 470 3995; x_wconf 78' lang='lat' dir='ltr'>rap.</span> <span class='ocrx_word' id='word_1_235' title='bbox 489 3941 524 3980; x_wconf 83' lang='lat' dir='ltr'>m.</span> <span class='ocrx_word' id='word_1_236' title='bbox 543 3928 584 3993; x_wconf 80' lang='grc'>21</span> <span class='ocrx_word' id='word_1_237' title='bbox 606 3924 637 3991; x_wconf 78' lang='lat' dir='ltr'>in</span> <span class='ocrx_word' id='word_1_238' title='bbox 655 3925 756 3981; x_wconf 80' lang='lat' dir='ltr'>faciem</span> <span class='ocrx_word' id='word_1_239' title='bbox 774 3934 795 3978; x_wconf 86' lang='grc'>1)</span> <span class='ocrx_word' id='word_1_240' title='bbox 812 3929 816 3995; x_wconf 95' lang='grc'>1</span> <span class='ocrx_word' id='word_1_241' title='bbox 832 3924 932 3980; x_wconf 87' lang='lat' dir='ltr'>fatiem</span> <span class='ocrx_word' id='word_1_242' title='bbox 949 3930 973 3977; x_wconf 90' lang='grc'>17</span> <span class='ocrx_word' id='word_1_243' title='bbox 989 3929 993 3992; x_wconf 93' lang='grc'>1</span> <span class='ocrx_word' id='word_1_244' title='bbox 1009 3941 1066 3979; x_wconf 92' lang='lat' dir='ltr'>non</span> <span class='ocrx_word' id='word_1_245' title='bbox 1085 3924 1174 3979; x_wconf 88' lang='lat' dir='ltr'>eredit</span> <span class='ocrx_word' id='word_1_246' title='bbox 1192 3929 1225 3978; x_wconf 90' lang='lat'>0:</span> <span class='ocrx_word' id='word_1_247' title='bbox 1250 3925 1307 3978; x_wconf 91' lang='lat' dir='ltr'>iam</span> <span class='ocrx_word' id='word_1_248' title='bbox 1326 3925 1434 3981; x_wconf 88' lang='lat' dir='ltr'>credat</span> 
     </span>
     <span class='ocr_line' id='line_1_33' title="bbox 274 4013 1431 4085; baseline -0.001 -16"><span class='ocrx_word' id='word_1_249' title='bbox 274 4022 295 4069; x_wconf 68' lang='lat'>12</span> <span class='ocrx_word' id='word_1_250' title='bbox 314 4035 348 4073; x_wconf 85' lang='lat' dir='ltr'>m.</span> <span class='ocrx_word' id='word_1_251' title='bbox 368 4023 401 4085; x_wconf 81' lang='lat'>2,</span> <span class='ocrx_word' id='word_1_252' title='bbox 420 4019 443 4067; x_wconf 91' lang='grc'>7</span> <span class='ocrx_word' id='word_1_253' title='bbox 461 4033 495 4070; x_wconf 85' lang='lat' dir='ltr'>m.</span> <span class='ocrx_word' id='word_1_254' title='bbox 514 4020 547 4082; x_wconf 79' lang='lat'>2,</span> <span class='ocrx_word' id='word_1_255' title='bbox 566 4021 590 4068; x_wconf 90' lang='grc'>17</span> <span class='ocrx_word' id='word_1_256' title='bbox 615 4018 619 4085; x_wconf 94' lang='grc'>1</span> <span class='ocrx_word' id='word_1_257' title='bbox 642 4015 730 4070; x_wconf 86' lang='lat' dir='ltr'>amari</span> <span class='ocrx_word' id='word_1_258' title='bbox 748 4019 771 4067; x_wconf 89' lang='grc'>7</span> <span class='ocrx_word' id='word_1_259' title='bbox 789 4032 824 4069; x_wconf 80' lang='lat' dir='ltr'>aa.</span> <span class='ocrx_word' id='word_1_260' title='bbox 843 4020 876 4069; x_wconf 82' lang='lat'>2:</span> <span class='ocrx_word' id='word_1_261' title='bbox 895 4013 984 4068; x_wconf 90' lang='lat' dir='ltr'>amori</span> <span class='ocrx_word' id='word_1_262' title='bbox 1003 4019 1022 4066; x_wconf 88' lang='grc'><strong>0</strong></span> <span class='ocrx_word' id='word_1_263' title='bbox 1042 4014 1130 4068; x_wconf 88' lang='lat' dir='ltr'>amico</span> <span class='ocrx_word' id='word_1_264' title='bbox 1150 4015 1223 4068; x_wconf 84' lang='lat' dir='ltr'>Itali</span> <span class='ocrx_word' id='word_1_265' title='bbox 1244 4015 1255 4083; x_wconf 91' lang='grc'>1</span> <span class='ocrx_word' id='word_1_266' title='bbox 1277 4015 1348 4068; x_wconf 75' lang='grc'><strong>4111</strong></span> <span class='ocrx_word' id='word_1_267' title='bbox 1368 4014 1431 4070; x_wconf 86' lang='lat' dir='ltr'>for-</span> 
     </span>
     <span class='ocr_line' id='line_1_34' title="bbox 275 4103 1433 4175; baseline -0.001 -16"><span class='ocrx_word' id='word_1_268' title='bbox 275 4124 351 4160; x_wconf 88' lang='lat' dir='ltr'>mam</span> <span class='ocrx_word' id='word_1_269' title='bbox 370 4107 416 4175; x_wconf 81' lang='lat' dir='ltr'>(cf.</span> <span class='ocrx_word' id='word_1_270' title='bbox 436 4104 462 4158; x_wconf 92' lang='grc' dir='ltr'>ΙΙ</span> <span class='ocrx_word' id='word_1_271' title='bbox 480 4111 505 4173; x_wconf 87' lang='grc'>3,</span> <span class='ocrx_word' id='word_1_272' title='bbox 525 4111 574 4173; x_wconf 69' lang='grc'><strong>321</strong></span> <span class='ocrx_word' id='word_1_273' title='bbox 594 4111 618 4172; x_wconf 80' lang='lat' dir='ltr'>b,</span> <span class='ocrx_word' id='word_1_274' title='bbox 637 4107 682 4175; x_wconf 82' lang='lat'>28)</span> <span class='ocrx_word' id='word_1_275' title='bbox 702 4110 733 4159; x_wconf 90' lang='lat'>0:</span> <span class='ocrx_word' id='word_1_276' title='bbox 753 4105 916 4159; x_wconf 85' lang='lat' dir='ltr'>Formosam</span> <span class='ocrx_word' id='word_1_277' title='bbox 936 4109 958 4154; x_wconf 92' lang='grc'>7</span> <span class='ocrx_word' id='word_1_278' title='bbox 976 4120 1028 4172; x_wconf 76' lang='lat' dir='ltr'>rap.</span> <span class='ocrx_word' id='word_1_279' title='bbox 1047 4121 1081 4157; x_wconf 83' lang='lat' dir='ltr'>m.</span> <span class='ocrx_word' id='word_1_280' title='bbox 1101 4109 1134 4171; x_wconf 81' lang='lat'>2,</span> <span class='ocrx_word' id='word_1_281' title='bbox 1154 4107 1177 4154; x_wconf 79' lang='grc'>17</span> <span class='ocrx_word' id='word_1_282' title='bbox 1202 4106 1212 4172; x_wconf 94' lang='grc'>11</span> <span class='ocrx_word' id='word_1_283' title='bbox 1241 4109 1255 4156; x_wconf 99' lang='grc'>7</span> <span class='ocrx_word' id='word_1_284' title='bbox 1275 4103 1354 4156; x_wconf 92' lang='lat' dir='ltr'>Hunc</span> <span class='ocrx_word' id='word_1_285' title='bbox 1375 4122 1433 4173; x_wconf 88' lang='lat' dir='ltr'>per</span> 
     </span>
     <span class='ocr_line' id='line_1_35' title="bbox 274 4191 1431 4264; baseline 0 -16"><span class='ocrx_word' id='word_1_286' title='bbox 274 4196 374 4263; x_wconf 77' lang='lat' dir='ltr'>scripsi</span> <span class='ocrx_word' id='word_1_287' title='bbox 391 4194 473 4252; x_wconf 85' lang='lat' dir='ltr'>Misc,</span> <span class='ocrx_word' id='word_1_288' title='bbox 494 4192 560 4248; x_wconf 79' lang='lat' dir='ltr'>Urit.</span> <span class='ocrx_word' id='word_1_289' title='bbox 576 4211 606 4262; x_wconf 82' lang='lat' dir='ltr'>p.</span> <span class='ocrx_word' id='word_1_290' title='bbox 627 4199 673 4248; x_wconf 81' lang='lat'>96:</span> <span class='ocrx_word' id='word_1_291' title='bbox 692 4193 800 4262; x_wconf 88' lang='lat' dir='ltr'>Hospes</span> <span class='ocrx_word' id='word_1_292' title='bbox 819 4197 838 4244; x_wconf 93' lang='grc'><strong>0</strong></span> <span class='ocrx_word' id='word_1_293' title='bbox 858 4192 928 4246; x_wconf 85' lang='lat' dir='ltr'>Tros</span> <span class='ocrx_word' id='word_1_294' title='bbox 947 4194 976 4245; x_wconf 89' lang='lat' dir='ltr'>et</span> <span class='ocrx_word' id='word_1_295' title='bbox 994 4193 1026 4246; x_wconf 88' lang='lat' dir='ltr'>L.</span> <span class='ocrx_word' id='word_1_296' title='bbox 1049 4193 1201 4246; x_wconf 81' lang='lat' dir='ltr'>Muellerus</span> <span class='ocrx_word' id='word_1_297' title='bbox 1216 4193 1220 4256; x_wconf 95' lang='grc'>1</span> <span class='ocrx_word' id='word_1_298' title='bbox 1237 4191 1383 4245; x_wconf 87' lang='lat' dir='ltr'>menelaos</span> <span class='ocrx_word' id='word_1_299' title='bbox 1406 4197 1431 4264; x_wconf 89' lang='lat' dir='ltr'>(s</span> 
     </span>
     <span class='ocr_line' id='line_1_36' title="bbox 275 4281 1430 4351; baseline 0.003 -16"><span class='ocrx_word' id='word_1_300' title='bbox 275 4299 309 4336; x_wconf 85' lang='lat' dir='ltr'>m.</span> <span class='ocrx_word' id='word_1_301' title='bbox 320 4288 339 4338; x_wconf 81' lang='lat'><em>2</em></span> <span class='ocrx_word' id='word_1_302' title='bbox 350 4286 534 4351; x_wconf 81' lang='lat' dir='ltr'>sappaaa.)v</span> <span class='ocrx_word' id='word_1_303' title='bbox 549 4283 674 4337; x_wconf 88' lang='lat' dir='ltr'>menelao</span> <span class='ocrx_word' id='word_1_304' title='bbox 694 4281 718 4336; x_wconf 91' lang='lat' dir='ltr'>si</span> <span class='ocrx_word' id='word_1_305' title='bbox 731 4289 753 4335; x_wconf 84' lang='grc'>1)</span> <span class='ocrx_word' id='word_1_306' title='bbox 766 4283 776 4351; x_wconf 92' lang='grc'>1</span> <span class='ocrx_word' id='word_1_307' title='bbox 790 4286 806 4333; x_wconf 89' lang='lat'>8</span> <span class='ocrx_word' id='word_1_308' title='bbox 820 4283 902 4335; x_wconf 90' lang='lat' dir='ltr'>nocte</span> <span class='ocrx_word' id='word_1_309' title='bbox 916 4283 1027 4350; x_wconf 83' lang='lat' dir='ltr'>scripsi:</span> <span class='ocrx_word' id='word_1_310' title='bbox 1046 4296 1138 4336; x_wconf 87' lang='lat' dir='ltr'>norme</span> <span class='ocrx_word' id='word_1_311' title='bbox 1153 4285 1171 4332; x_wconf 96' lang='grc'><strong>0</strong></span> <span class='ocrx_word' id='word_1_312' title='bbox 1187 4281 1292 4349; x_wconf 83' lang='lat' dir='ltr'>(nonne</span> <span class='ocrx_word' id='word_1_313' title='bbox 1307 4311 1341 4320; x_wconf 88' lang='lat'>-</span> <span class='ocrx_word' id='word_1_314' title='bbox 1355 4284 1430 4338; x_wconf 83' lang='lat' dir='ltr'>est?</span> 
     </span>
     <span class='ocr_line' id='line_1_37' title="bbox 276 4372 687 4439; baseline 0.007 -16"><span class='ocrx_word' id='word_1_315' title='bbox 276 4372 369 4439; x_wconf 77' lang='lat' dir='ltr'>scalpo)</span> <span class='ocrx_word' id='word_1_316' title='bbox 389 4375 486 4439; x_wconf 85' lang='lat' dir='ltr'>sponte</span> <span class='ocrx_word' id='word_1_317' title='bbox 505 4372 687 4426; x_wconf 85' lang='lat' dir='ltr'>Barmaaaas</span> 
     </span>
    </p>
   </div>
   <div class='ocr_carea' id='block_1_11' title="bbox 0 0 1533 5044">
    <p class='ocr_par' dir='ltr' id='par_1_11' title="bbox 0 0 1533 5044">
     <span class='ocr_line' id='line_1_38' title="bbox 0 0 1533 5044; baseline 0 0"><span class='ocrx_word' id='word_1_318' title='bbox 0 0 1533 5044; x_wconf 95' lang='lat' dir='ltr'> </span> 
     </span>
    </p>
   </div>
  </div>
 </body>
</html>
