3004 5068
497 285 783 345 Puonnconnnn.
1113 289 1215 344 XXXV

62 449 159 534 mals,
179 448 339 533 mortem',
358 450 442 515 unde
456 449 585 516 uideu'di
604 450 762 517 uocabulo
776 451 943 516 notionem
958 450 1096 516 adeundi
1116 455 1213 536 atque

60 557 252 640 experiundi
279 557 462 641 uindicant3
495 561 581 623 recte
605 558 638 622 id
662 557 805 643 quidem,
833 581 905 623 cum
930 557 1073 624 ‘uidere'
1101 559 1136 622 in
1163 559 1215 624 his

61 662 225 746 significet
256 663 421 730 ‘noscere'
455 669 551 750 alque
584 666 682 730 etium
714 665 907 730 conciliante
939 688 1024 730 nexu
1057 664 1215 749 ‘primum

61 791 195 835 noscere
213 789 283 836 ‘non
313 771 383 836 sine
410 770 620 836 discrimine'.
658 771 733 836 hinc
761 793 839 837 uero
868 771 996 836 ‘uidere
1025 772 1127 837 feras'
1156 795 1216 858 pro

61 873 217 959 ‘experiri
240 899 313 942 oum
336 877 424 942 uitae
446 877 589 962 periculo
612 875 715 943 feras'
744 879 825 943 bene
849 882 998 965 recteque
1023 879 1086 944 dici
1108 902 1216 964 posse,

61 1004 118 1046 nec
143 983 270 1048 ratione
294 983 469 1078 conligitur
488 1005 546 1082 nec
565 984 631 1048 ullo
652 984 800 1068 exemplo
819 986 1000 1051 stabilitum
1020 989 1079 1050 est.
1113 987 1216 1050 sensit

67 1089 127 1153 hoc
151 1090 316 1175 Heinsius,
340 1091 443 1156 sensit
465 1089 685 1174 Burmannus,
709 1091 826 1177 quibus
850 1093 1005 1159 accedens
1025 1115 1135 1158 uocem
1157 1092 1215 1158 ‘ui-

64 1194 163 1280 dere',
190 1198 268 1262 licet
294 1197 477 1264 emendatio
500 1198 625 1264 incerta
654 1199 712 1280 sit,
741 1198 953 1282 depreuutem
980 1201 1124 1266 iudicare
1148 1222 1214 1265 non

65 1301 186 1368 dubito.
222 1325 320 1387 porro
344 1327 375 1368 u.
399 1304 457 1369 20:
503 1333 508 1343 ·

275 1427 320 1493 Et
342 1428 436 1493 labor
458 1428 493 1491 in
516 1428 650 1513 magicis
675 1449 769 1494 secra
790 1429 880 1514 piare
902 1429 985 1496 focis

65 1553 153 1617 uarie
180 1553 214 1617 id
238 1551 324 1637 quod
348 1555 398 1617 est
421 1551 530 1616 ‘sacru
552 1550 658 1635 piure'
681 1552 936 1636 interpretantur
960 1552 1077 1638 (ueluti
1101 1556 1212 1641 Haup-

64 1659 137 1744 tius,
161 1664 196 1725 ut
214 1659 383 1724 didicimus
408 1680 446 1722 ex
471 1659 539 1723 eius
559 1660 754 1743 panegyrico
775 1659 917 1725 Berolini
938 1664 1071 1728 u-1879
1092 1665 1211 1729 emisso

65 1788 93 1848 p.
107 1767 159 1851 91,
183 1766 315 1851 ‘piando
331 1787 423 1831 sacru
437 1764 582 1850 facere');
607 1766 663 1830 sed
682 1788 720 1830 ex
740 1767 904 1833 locutione
919 1770 1055 1835 mirifica
1070 1770 1212 1854 qualem-

67 1893 195 1958 cumque
225 1895 354 1938 sensum
385 1876 613 1958 extorquentes
642 1894 741 1938 unum
768 1876 981 1960 neglexerunt
1009 1899 1134 1962 omnes,
1162 1900 1213 1941 cu-

65 1979 165 2044 iusuis
187 2002 258 2044 esse
283 1981 459 2046 sacerdotis
483 1981 560 2046 deos
584 1981 673 2064 piare
697 1978 751 2066 (cf.
767 1984 800 2045 et
813 1981 848 2046 L.
863 1983 1038 2048 Muellerus
1064 1985 1104 2048 ad
1122 1984 1154 2048 h.
1169 1982 1214 2069 1.),

67 2085 116 2149 hic
136 2091 242 2152 sutem
260 2087 422 2172 expectari
441 2107 611 2171 magorum
629 2086 756 2151 facinus
776 2109 930 2173 magnum
951 2090 1065 2173 cuique
1079 2113 1210 2174 respon-

70 2191 141 2257 dest
162 2199 415 2260 commemoratu
437 2196 472 2258 in
494 2216 589 2258 uersu
613 2194 719 2277 priore
744 2193 915 2260 ‘deductae
938 2195 1069 2260 fallacie
1088 2197 1184 2261 lunae
1194 2195 1213 2261 ’.
1246 2279 1250 2285 Ι

70 2299 174 2384 itaque
204 2301 258 2366 hic
291 2323 417 2386 quoque
449 2322 515 2374 non
548 2302 640 2366 anxie
678 2301 957 2386 circumeundum,
994 2301 1050 2367 sed
1085 2304 1214 2367 nauiter

70 2407 241 2472 tollendum
264 2413 335 2472 erut
357 2408 482 2473 uitium.
506 2443 548 2453 —
573 2407 709 2492 denique
732 2429 763 2470 u.
787 2407 830 2472 33
841 2430 887 2492 sq.

215 2549 254 2614 In
278 2571 329 2613 me
352 2554 464 2616 nostra
487 2550 597 2615 Venus
621 2553 734 2614 noctes
758 2555 885 2615 exercet
909 2572 1051 2637 umarus,

274 2655 320 2721 Et
342 2657 431 2722 nullo
455 2679 576 2722 uacuus
600 2659 746 2740 tempore
770 2656 848 2721 defit
871 2679 963 2722 umor

73 2799 185 2863 tradita
207 2799 304 2864 lectio
328 2799 460 2864 retineri
483 2799 605 2883 nequit.
643 2799 751 2864 uerbis
775 2797 1038 2864 ‘nostrsVenus'
1063 2800 1212 2886 intellegi

71 2906 176 2970 uolunt
203 2905 387 2990 Cynthium.
428 2906 576 2970 solebant
608 2927 686 2970 sene
714 2909 862 2971 amantes
890 2907 1032 2990 puellam
1060 2907 1211 2971 dilectam

74 3009 237 3078 blandifico
265 3013 396 3078 nomine
425 3013 590 3096 appellare
613 3010 789 3076 ‘Venerem
818 3011 941 3096 suam’,
968 3033 1073 3096 neque
1100 3017 1211 3078 tamen

72 3115 118 3182 hic
144 3121 189 3184 ite
216 3141 333 3185 uocare
361 3118 469 3201 potuit
491 3117 678 3202 Propertius
707 3117 871 3183 dominam
901 3118 1015 3183 duram
1039 3119 1152 3203 cuique
1176 3120 1211 3184 in

74 3245 158 3292 omne
180 3232 307 3311 tempus
332 3227 398 3290 iam
417 3229 467 3290 est
490 3226 716 3291 unledicturus.
754 3228 787 3288 et
810 3226 911 3290 uerba
935 3224 1058 3290 ‘noctes
1083 3229 1211 3290 exercet

73 3333 201 3398 amaras'
220 3335 259 3399 dc
274 3332 423 3418 Cynthia·
438 3333 535 3398 nimis
559 3332 727 3418 magnifice
752 3331 837 3396 dicta
859 3333 968 3415 potius
993 3330 1034 3396 ed
1048 3330 1210 3397 Venerem

74 3436 155 3505 deum
177 3463 239 3507 nos
263 3443 428 3506 reuocent.
469 3440 608 3503 maxime
630 3461 708 3503 uero
731 3439 794 3504 hoc
817 3438 1021 3504 commendet
1049 3438 1211 3505 distichon

73 3548 264 3626 praecedens.
302 3543 498 3613 ‘remanete’
522 3545 628 3630 inquit
650 3549 747 3630 poeta
771 3545 856 3631 ‘uos
879 3546 997 3630 quibus
1019 3544 1109 3609 facili
1132 3546 1210 3611 deus

75 3657 176 3720 annuit
191 3677 284 3720 eure:
308 3675 368 3740 ego
383 3653 460 3718 deos
474 3652 580 3717 habeo
595 3653 749 3717 aduersos
764 3651 900 3736 ideoque
914 3652 1073 3736 proficisci
1088 3651 1210 3738 cogor'.

74 3761 121 3824 sed
150 3763 178 3828 si
210 3762 298 3826 diam
330 3758 503 3843 Venerem,
539 3761 577 3823 ut
606 3782 666 3844 par
700 3764 763 3843 est,
795 3760 1032 3844 amplectimur,
1065 3759 1211 3824 additum

74 3862 196 3934 ‘nostra'
214 3867 347 3933 tolerari
366 3867 486 3951 nequit.
519 3867 605 3953 quod
624 3867 679 3951 qui
699 3868 788 3932 solus
807 3871 894 3931 recte
913 3866 1080 3952 perspexit
1095 3865 1209 3930 Petrus

74 3967 227 4060 Francius,
249 3975 278 4040 is
302 3973 405 4038 ‘duro’
425 3975 511 4039 iusto
530 3972 705 4038 uiolentius
725 3974 870 4039 coniecit.
902 3973 1032 4058 reposui
1052 3970 1210 4056 ‘maesta',

75 4083 227 4168 conligens
245 4082 262 4146 I
282 4081 335 4165 14,
355 4080 396 4145 15
415 4079 503 4145 ‘num
527 4081 598 4165 quis
622 4079 744 4144 diuitiis
769 4080 905 4145 aduerso
929 4079 1049 4165 gaudet
1068 4078 1210 4142 Amore?

74 4189 150 4253 nulls
171 4189 251 4254 mihi
274 4189 358 4253 tristi·
380 4188 525 4272 praemia
538 4187 614 4253 -sint
640 4185 768 4252 Venere’
797 4190 829 4250 et
857 4208 938 4271 quae
968 4187 1146 4270 sequuntur
1169 4185 1209 4250 ud

75 4313 132 4358 rem
158 4294 393 4362 inlustrandam
424 4295 587 4359 facientia.
631 4295 685 4380 qui
715 4295 805 4359 locus
834 4314 885 4356 me
913 4291 1075 4377 permouit
1103 4292 1210 4378 etiem,
1297 4292 1301 4297 ’

76 4403 159 4467 utin
188 4425 284 4467 uersu
311 4399 448 4467 minore
462 4423 650 4486 reponerem
684 4422 821 4484 puerum
849 4400 959 4464 alitem
989 4397 1116 4484 (omnes
1145 4400 1209 4464 edi·

962 4501 997 4556 ο*
