3004 5068
296 1227 299 1232 ’
435 1268 885 1355 Puouncounul.

175 1550 300 1628 Quibus
323 1550 570 1618 difficultatibus
589 1550 710 1618 Catulli
728 1557 762 1618 et
778 1553 900 1619 Tibulli
925 1555 1071 1620 recensio
1090 1555 1233 1622 obnoxia

80 1660 143 1741 est,
167 1679 240 1722 cum
265 1656 386 1723 eisdem
409 1656 571 1742 Propertii
595 1680 722 1744 quoque
745 1661 890 1726 carmina
912 1661 1090 1744 luctantur,
1113 1662 1232 1746 quippe

77 1786 221 1848 quorum
250 1764 351 1830 codex
379 1765 508 1830 saeculo
532 1763 610 1829 XIV
639 1787 677 1830 ex
706 1767 897 1832 monasterii
924 1767 1060 1833 alicuius
1087 1770 1230 1836 tenebris

79 1874 269 1954 protractus
299 1873 333 1935 et
362 1869 542 1956 descriptus
573 1872 753 1958 iterumque
784 1873 940 1938 obliuioni
970 1874 1109 1940 traditus
1138 1877 1232 1940 triste

78 1976 131 2038 sui
155 1975 348 2042 desiderium
371 1977 537 2063 reliquerit
558 1977 663 2061 nobis,
687 1979 803 2062 quiex
827 1979 1024 2064 apographis
1048 1981 1231 2046 recentibus

78 2085 257 2168 utcumque
280 2085 400 2149 ueteris
422 2085 512 2150 illius
535 2084 629 2149 testis
652 2086 842 2150 memoriam
865 2086 1058 2151 resuscitare
1077 2087 1230 2153 debemus
1270 2137 1273 2148 .

76 2211 154 2252 cum
183 2211 309 2255 summo
336 2191 450 2257 labore
477 2191 647 2277 taedioque
676 2191 809 2277 ingenti
846 2191 897 2258 his
926 2192 1019 2257 libris
1042 2216 1117 2259 mss.
1140 2196 1230 2259 noui-

76 2295 139 2360 ciis
164 2295 310 2362 edoctis
335 2297 455 2363 saeculi
478 2295 540 2362 XV
563 2297 656 2363 Italis
679 2297 901 2364 foedissimum
919 2300 955 2364 in
978 2299 1109 2366 modum
1132 2302 1229 2368 inter·

75 2402 199 2485 polatis
223 2424 297 2468 oum
320 2403 519 2468 anteriorum
541 2407 724 2488 temporum
748 2405 909 2490 philologi
929 2405 1021 2480 nullo
1045 2406 1229 2474 discrimine
1334 2445 1336 2450 v

74 2511 168 2575 facto
191 2513 373 2596 uterentur,
400 2510 530 2576 tandem
558 2513 635 2576 ante
664 2511 725 2576 hos
754 2512 936 2597 sexaginta·
952 2512 1019 2578 lere
1044 2535 1146 2580 annos
1170 2514 1229 2581 Ca·

74 2617 169 2682 rolus
197 2616 427 2683 Lachmannus
455 2617 532 2704 quid
558 2616 648 2684 factu
677 2621 763 2682 esset
792 2640 872 2703 opus
900 2621 1078 2704 perspexit:
1108 2623 1229 2687 exami-

75 2724 224 2790 nandum
243 2747 340 2808 quam
364 2724 612 2809 diligentissime
636 2724 838 2808 singulorum
857 2725 1002 2791 codicum
1019 2727 1169 2812 pretium,
1192 2732 1229 2793 ut

76 2831 211 2915 quinam
230 2853 342 2897 eorum
360 2831 515 2897 lectiones
534 2831 701 2915 archetypi
720 2823 857 2895 fideliter
878 2831 1041 2896 seruarint
1058 2833 1113 2916 qui
1132 2834 1228 2898 inter·

76 2938 249 3022 polatione
279 2938 345 3003 sint
372 2937 584 3004 contaminati
607 2937 783 3003 euincatur.
824 2937 885 3003 hoo
913 2959 985 3002 cum
1013 2939 1137 3024 optimo
1159 2940 1228 3006 iure

74 3045 133 3108 ille
156 3043 330 3130 flagitaret,
352 3048 461 3109 tamen
484 3043 645 3130 quomodo
669 3044 730 3108 rite
753 3065 891 3129 uereque
909 3044 1020 3128 perfici
1038 3049 1150 3129 posset
1167 3068 1227 3112 nec

73 3152 149 3235 ipse
173 3151 289 3217 habuit
312 3151 487 3237 cognitum.
524 3151 571 3216 sic
594 3149 716 3216 lactum
739 3153 789 3216 est
810 3154 848 3215 ut
869 3151 1011 3235 primum
1032 3152 1118 3218 inter
1141 3153 1227 3218 codi-

75 3280 131 3322 ces
160 3257 393 3342 Propertianos
421 3259 528 3322 locum
556 3257 743 3342 adsignaret
770 3257 968 3324 membranis
998 3256 1227 3345 Groninganis,

74 3385 160 3448 quae
192 3367 270 3429 sunt
299 3364 401 3430 infimi
432 3364 568 3448 ordinis,
597 3365 632 3428 in
660 3363 808 3449 proximo
837 3367 945 3428 autem
973 3364 1015 3428 ab
1042 3364 1093 3430 his
1122 3366 1225 3452 gradu

72 3473 214 3553 poneret
235 3469 482 3554 Neapolitanas,
510 3493 645 3555 quarum
673 3493 770 3556 quem
799 3471 899 3536 fallax
922 3472 966 3536 sit
987 3470 1067 3537 fides
1091 3494 1129 3538 ex
1153 3495 1225 3538 mea

72 3577 219 3642 editione
239 3577 419 3662 apparebit.
450 3600 526 3644 nam
545 3600 605 3644 nec
624 3578 726 3666 critici
744 3578 881 3643 insecuti
899 3578 934 3642 in
952 3578 1013 3644 hac
1026 3581 1120 3661 parte
1135 3579 1224 3664 quid-

72 3706 176 3769 quam
204 3683 423 3769 profecerunt,
453 3688 487 3749 et
515 3707 710 3770 quamquam
737 3685 939 3751 Lachmanni
965 3686 999 3749 in
1023 3686 1224 3752 aestimando

27 3809 29 3812 ·
73 3789 290 3876 Groningano
319 3812 408 3856 error
430 3812 497 3855 non
519 3792 615 3857 latuit
636 3792 822 3877 plerosque,
848 3797 959 3857 tamen
982 3793 1037 3877 qui
1060 3792 1165 3860 denuo
1189 3793 1224 3858 in

73 3921 108 3963 se
134 3898 315 3982 susciperet
332 3919 456 3976 ¹munus
481 3919 558 3962 sene
588 3919 686 3982 quam
715 3897 846 3963 difficile
868 3899 969 3965 libros
993 3898 1224 3983 Propertianos

71 4006 129 4069 uia
159 4025 198 4068 ac
225 4004 353 4069 ratione
382 4005 607 4088 perscrutandi
638 3992 742 4070 adhuc
773 4009 918 4089 repertus
950 4009 1000 4070 est
1028 4026 1138 4091 nemo,
1168 4005 1224 4071 sed

71 4109 329 4194 Neapolitanum
351 4110 417 4176 iam
441 4111 570 4175 unicum
594 4113 701 4176 textus
725 4112 911 4177 recensendi
931 4112 1109 4176 subsidium
1129 4113 1222 4178 anxie

71 4217 230 4302 amplexi,
258 4217 350 4302 quasi
380 4217 462 4282 nulli
490 4217 545 4281 clii
573 4221 688 4302 poetae
717 4219 842 4284 codices
872 4221 992 4304 essent,
1020 4220 1074 4282 uel
1101 4221 1223 4303 apertis

70 4325 163 4390 illius
191 4323 361 4415 ,erroribus
398 4323 600 4389 coniecturas
636 4328 922 4408 superstruxerunt
954 4328 1068 4410 suapte
1104 4329 1223 4392 natura

70 4434 238 4497 uentosas.
273 4430 320 4495 ita
343 4429 457 4496 vitium
480 4431 636 4515 priorum,
659 4431 776 4520 quibus
800 4453 912 4498 omnes
935 4431 1012 4497 libri
1034 4434 1223 4515 perierant

971 4535 1009 4590 a*
