3052 5044
480 325 675 384 PROPERTll
694 327 761 386 LIB.
781 325 814 383 ll.
836 333 876 383 15.
900 335 940 384 10.

217 491 311 570 Quod
333 493 416 558 mihi
440 493 467 556 si
491 493 573 556 tales
597 493 714 557 iterum
739 492 911 558 concedere
934 493 1045 557 noctes

263 601 323 666 Illa
346 601 442 684 uelit,
464 601 553 664 uitae
576 602 692 686 longus
717 586 875 666 stannus
899 601 973 664 erit:

118 767 128 780 ‚
218 706 253 771 Si
278 707 370 772 dabit
391 707 473 772 haec
496 707 628 792 multas,
651 707 728 772 fiam
751 706 935 772 inmortalis
959 706 1093 770 inillis:

158 831 207 880 40
264 812 367 879 Nocte
390 836 455 878 una
479 814 584 898 quiuis
608 813 661 879 uel
685 813 761 878 deus
785 834 855 878 esse
877 816 995 898 potest.

218 919 354 996 Qualem
378 921 406 986 si
429 921 538 986 cuncti
561 923 714 1006 cuperent
737 920 905 985 decurrere
929 921 1031 984 uitam

261 1027 330 1092 Nec
352 1027 456 1110 pressi
478 1029 583 1094 multo
607 1027 753 1092 membra
775 1027 880 1092 iacere
903 1047 1009 1110 merc,

217 1132 294 1199 Non
316 1134 438 1200 ferrum
462 1135 588 1200 crudele
612 1138 699 1200 esset
721 1156 825 1218 neque
848 1133 964 1198 bellica
985 1133 1093 1217 nauis,

261 1239 331 1307 Nec
355 1246 468 1306 nostra
491 1241 662 1308 Actiacum
685 1244 826 1306 uerteret
849 1263 925 1306 ossa
947 1261 1049 1322 mare,

162 1347 287 1414 45Nec
310 1349 430 1414 totiens
453 1349 593 1433 propriis
618 1349 737 1413 circum
761 1353 946 1433 expugnata
968 1347 1142 1432 triumphis

262 1455 366 1520 Lassa
387 1455 472 1520 foret
496 1458 599 1520 crines
623 1456 748 1522 soluere
772 1454 877 1521 Roma
900 1476 986 1520 suos.

217 1561 286 1627 Nos
310 1567 396 1628 certe
419 1563 534 1628 merito
558 1565 713 1645 poterunt
734 1561 867 1627 laudare
891 1561 1043 1626 minores:

263 1667 442 1735 Laeserunt
463 1670 570 1735 nullos
593 1669 710 1752 pocula
733 1673 846 1734 nostra
869 1669 956 1733 deos.

217 1774 266 1839 Tu
290 1776 399 1860 modo,
423 1776 498 1841 dum
522 1775 612 1858 licet,
636 1797 655 1839 o
680 1775 819 1840 fructum
841 1797 881 1840 ne
905 1773 1015 1838 desere
1038 1775 1140 1840 uitae:

164 1897 207 1946 50
263 1881 380 1946 Omnia
404 1882 432 1946 si
455 1881 579 1946 dederis
605 1882 729 1966 oscula,
752 1903 855 1966 pauca
879 1880 982 1946 dabis.

217 1986 267 2050 Ac
291 1987 392 2052 ueluti
416 1987 494 2052 folia
517 1989 638 2054 arentis
663 1988 785 2073 liquere
809 1989 960 2071 corollas,

263 2091 352 2168 Quae
375 2095 497 2178 passim
519 2095 658 2159 calathis
683 2098 797 2160 strata
811 2099 925 2160 natare
948 2093 1053 2174 uides,

217 2197 271 2263 Sic
293 2199 400 2283 nobis,
425 2201 480 2284 qui
503 2221 588 2265 nunc
612 2221 765 2285 magnum
790 2200 952 2284 spiramus
977 2204 1136 2284 amantes,

264 2305 414 2371 Forsitan
438 2306 580 2370 includet
602 2308 745 2371 crastina
768 2306 837 2370 fata
860 2305 937 2371 dies.

595 2540 808 2550 ———

658 2720 751 2794 XVI.

218 2875 353 2942 Praetor
377 2877 417 2942 ab
441 2877 582 2962 Illyricis
606 2879 697 2942 uenit
720 2877 829 2962 mode,
854 2875 1008 2962 Cynthia,
1031 2876 1142 2954 terris,

263 2983 406 3049 Maxima
429 2983 551 3067 prae‘da
573 2984 648 3070 cibi,
672 2985 812 3049 maxima
836 3005 913 3049 cura
936 2983 1026 3049 mihi.

201 3215 269 3269 Vsa.
289 3235 361 3269 sacr.
405 3219 437 3269 37
463 3213 487 3268 si
504 3215 576 3268 tales
595 3213 696 3268 iterum
715 3213 816 3282 amausi
835 3213 917 3268 Misc.
939 3212 1006 3268 Urit.
1023 3230 1052 3282 p.
1072 3217 1119 3268 88:
1141 3212 1165 3266 si
1183 3215 1276 3266 tecum

118 3306 201 3360 tales
221 3309 240 3356 0
259 3321 353 3358 secum
372 3319 388 3362 ς
411 3305 421 3374 11
442 3309 475 3358 38
494 3302 524 3356 in
542 3305 570 3357 te
590 3306 652 3373 (mo.
672 3319 705 3358 m.
725 3307 744 3358 2
764 3302 833 3370 uite)
851 3308 872 3355 F
888 3305 892 3372 1
909 3304 941 3357 ut
959 3319 1046 3356 annus
1065 3302 1112 3356 eat
1130 3301 1276 3367 Heinsio&

122 3397 204 3448 locus
222 3397 259 3446 est
277 3393 459 3448 subobscurus
478 3395 555 3462 (acm
573 3409 638 3446 usus
652 3408 707 3460 pro
726 3408 814 3446 annus
829 3391 855 3461 .?)
869 3395 879 3462 11
893 3397 926 3445 39
945 3391 1066 3445 immort.
1086 3392 1276 3460 00114100-

123 3481 239 3553 perant]
258 3482 361 3536 uellem
381 3483 440 3550 (sic)
458 3486 492 3551 r,
517 3498 586 3537 corr.
605 3497 656 3550 my.
677 3498 710 3536 m.
730 3484 763 3549 23
786 3480 894 3535 uellent
911 3487 944 3534 Dr
956 3498 1008 3550 my.
1023 3495 1078 3549 pro
1096 3496 1158 3532 cor.
1179 3479 1235 3533 lect.
1267 3485 1276 3550 11

124 3577 162 3624 42
184 3569 242 3624 Nec
261 3572 361 3640 serpsi
380 3571 396 3626 l.
417 3571 433 3624 l.
455 3575 491 3640 (ct
508 3571 550 3624 ita
568 3571 649 3625 etiam
668 3569 859 3639 Fonteiaics)=
883 3571 920 3624 Et
939 3574 958 3621 0
985 3573 995 3640 1
1022 3575 1056 3623 43
1089 3572 1164 3623 esset
1186 3584 1277 3636 neque

124 3667 149 3712 1)
164 3663 202 3712 V:
221 3675 312 3728 neque
331 3661 405 3714 esset
422 3664 443 3711 F
457 3663 481 3711 11
495 3659 552 3728 1144
571 3659 714 3713 acciacum
732 3664 753 3711 11
768 3661 790 3709 V
809 3659 902 3726 (licius
920 3674 972 3726 mo.
990 3675 1025 3713 m.
1045 3661 1065 3712 2
1083 3658 1249 3726 etthiacum)
1272 3659 1274 3728 1

125 3751 253 3802 uerteret
272 3745 394 3816 Scolicer
414 3749 424 3817 11
445 3751 480 3801 45
498 3745 605 3802 tociens
624 3751 646 3799 V
668 3759 670 3812 1
692 3749 852 3817 expugnata
869 3747 970 3815 scripsi
987 3749 1004 3801 l.
1025 3748 1055 3801 t:
1075 3749 1239 3818 oppugnata
1258 3752 1276 3798 0

124 3841 242 3908 (opaga.
262 3838 295 3906 11)
314 3835 324 3904 1
344 3841 377 3892 47
396 3837 454 3892 Nos
474 3837 573 3906 scripsi
592 3837 609 3892 l.
628 3837 659 3892 t:
680 3835 738 3891 Nec
758 3840 776 3886 0
795 3835 854 3908 Hoc
874 3840 894 3886 r
912 3851 946 3889 m.
968 3841 987 3890 2
1005 3833 1065 3889 Heo
1084 3840 1107 3887 r
1125 3853 1160 3892 m.
1179 3841 1213 3901 2,
1232 3836 1277 3890 Me

125 3931 150 3978 V
170 3941 222 3994 mc.
242 3942 276 3980 m.
296 3929 315 3981 2
339 3927 396 3994 148
415 3925 529 3996 pocula]
549 3924 657 3995 proelia
674 3926 719 3979 uel
738 3924 834 3978 oscula
853 3923 1020 3979 Fontcina'cs
1037 3926 1048 3993 11
1065 3930 1107 3978 40
1118 3925 1187 3978 licet
1204 3931 1225 3976 1)
1240 3928 1275 3976 V:

125 4029 554 4134 1i²0arueas1aea÷10
574 4069 638 4122 aaa
658 4067 691 4122 c.
713 4067 877 4121 Marcam:
897 4083 948 4122 om.
968 4072 987 4120 o
1007 4066 1162 4120 runcare.
1183 4065 1254 4118 reare
1267 4064 1277 4136 1

126 4165 161 4214 51
185 4158 225 4212 Ac
243 4161 279 4212 14:
299 4158 337 4210 At
356 4161 374 4207 0
400 4158 404 4226 1
428 4157 533 4211 arentis
551 4162 573 4209 1)
587 4161 623 4212 V:
642 4158 752 4211 arentes
771 4162 791 4208 F
806 4161 830 4208 11
856 4158 866 4225 1
894 4161 927 4211 52
948 4156 1047 4210 calatis
1065 4163 1087 4210 1)
1101 4159 1124 4206 V
1145 4156 1155 4224 11
1178 4157 1211 4208 50
1232 4152 1277 4207 Sic

125 4265 264 4317 magnum
274 4245 437 4301 nobiscunc
456 4244 537 4313 quir
554 4248 557 4313 1
574 4244 711 4314 spiramus
726 4245 861 4314 Scoliqer:
882 4261 1025 4315 speramus
1036 4249 1054 4295 0
1065 4247 1189 4314 (spamus
1208 4249 1228 4295 1³
1243 4249 1276 4301 111

202 4352 274 4409 XVI.
313 4353 399 4406 Nocc
422 4353 507 4422 alceia
525 4368 586 4406 cum
605 4352 685 4406 titulo
704 4353 739 4407 ad
759 4351 901 4420 cynthiam
920 4353 954 4405 de
974 4350 1107 4420 (a)emulo
1126 4351 1196 4405 iac
1224 4353 1232 4421 11
1263 4357 1275 4404 1

125 4446 243 4500 Prector
261 4448 282 4495 Ε
299 4444 303 4512 1
319 4441 385 4496 illir.
405 4447 426 4493 r
441 4446 464 4493 11
