3052 5044
512 347 711 404 Paoranrrr
729 347 795 402 LIB.
815 348 849 403 ΙΙ.
869 355 894 401 5.

259 511 410 578 Vellicet:
432 511 496 575 heu
521 532 593 576 sero
616 510 708 576 flebis
733 513 843 575 amata
866 509 930 574 diu.

213 617 312 684 Nune
336 623 385 682 est
408 618 457 684 ira
480 640 606 702 recens,
628 639 713 683 nunc
737 620 788 680 eat
810 613 971 679 discedere
994 617 1137 698 tempus:

152 743 199 790 10
260 722 295 789 Si
318 724 411 790 dolor
434 725 589 809 abfuerit,
614 724 720 809 crede,
743 722 862 788 redibit
885 742 984 786 amor.

137 861 142 870 ·
214 829 291 896 Non
313 832 361 896 ita
384 830 579 917 Carpathiae
602 832 733 896 uariant
754 827 972 915 Aquilonibus
996 827 1116 909 undae,

259 937 328 1002 Nec
351 938 448 1004 dubio
472 940 576 1003 nubes
600 939 738 1003 uertitur
762 940 834 1002 atra
856 933 960 1019 Noto,

216 1043 321 1120 Quam
344 1045 438 1110 facile
461 1045 539 1112 irati
561 1045 662 1110 uerbo
686 1047 853 1108 mutantur
876 1045 1036 1106 amantes:

257 1150 344 1216 Dum
366 1152 456 1236 licet,
479 1153 599 1217 iniusto
624 1150 778 1216 subtrahe
801 1149 885 1214 eolla
908 1149 994 1233 iugo.

156 1257 282 1322 15Nec
304 1263 340 1322 tu
364 1280 432 1324 non
455 1257 591 1342 aliquid,
615 1256 669 1321 sed
693 1256 799 1341 prima
820 1257 930 1337 nocte,
953 1254 1092 1319 dolebis:

258 1363 362 1429 Omne
385 1365 419 1427 in
443 1385 552 1428 amore
575 1363 711 1446 malum,
735 1363 763 1426 si
786 1362 925 1445 patiare7
949 1360 1020 1424 leue
1044 1364 1103 1424 est.

170 1543 173 1545 ,
215 1470 261 1535 Ar
283 1475 319 1535 tu
342 1493 400 1555 per
422 1470 570 1536 dominae
594 1470 729 1536 Iunonis
754 1469 860 1534 dulcia
883 1468 955 1532 iura

258 1577 360 1642 Parce
382 1577 447 1641 tuis
473 1577 605 1658 animis,
627 1577 710 1660 uita,
734 1596 848 1639 nocere
871 1575 944 1638 tibi.

213 1681 289 1748 Non
313 1684 418 1748 solum
441 1687 554 1747 taurus
578 1683 654 1746 ferit
676 1683 769 1747 uncis
793 1681 945 1747 cornibus
968 1679 1110 1764 hostem,

159 1805 205 1854 20
258 1788 383 1852 Verum
406 1789 505 1854 etiam
529 1790 664 1854 instanti
686 1790 776 1854 laesa
798 1791 958 1872 repugnat
982 1788 1061 1852 ouis.

214 1893 282 1958 Nec
305 1895 367 1958 tibi
390 1896 538 1979 periurae
563 1895 708 1960 scindam
732 1896 770 1960 de
795 1916 929 1977 corpore
952 1898 1075 1976 uestes,

258 1999 327 2066 Nec
351 2024 424 2066 mea
447 2003 632 2086 praeclusas
656 2002 793 2086 fregerit
815 2002 864 2066 ira
887 2001 989 2083 fores,

215 2106 283 2171 Nec
306 2106 368 2171 tibi
391 2130 531 2174 conexos
555 2109 659 2174 iratus
679 2129 811 2191 carpere
834 2108 939 2172 crines

259 2211 328 2277 Nec
352 2212 442 2278 duris
466 2214 571 2278 ausim
594 2214 720 2279 laedere
744 2213 926 2296 pollicibus.

164 2337 205 2384 aa
216 2318 369 2384 Rusticus
392 2320 472 2384 haec
496 2319 615 2402 aliquis
637 2322 706 2382 tarn
730 2320 840 2402 turpia
863 2317 987 2402 praelia
1011 2322 1159 2402 quaerat,

261 2426 360 2492 Cuius
384 2449 451 2492 uon
473 2427 610 2492 hederae
635 2426 787 2492 circuiere
811 2408 917 2509 caput.

218 2533 365 2598 Scribam
388 2534 502 2618 igitur,
527 2534 612 2618 quod
634 2555 701 2597 non
725 2555 877 2618 umquam
901 2535 958 2596 tua
981 2531 1088 2596 deleat
1111 2534 1197 2596 aeta:

261 2639 415 2725 ‘Cynthia
438 2641 544 2704 forma
567 2644 696 2723 potens,
721 2638 860 2724 Cynthia
883 2639 983 2704 uerba
1004 2635 1108 2701 leuis?

217 2745 318 2812 Oredc
342 2746 437 2831 mihi,
460 2748 608 2830 quamuis
633 2751 819 2812 contemnas
844 2768 1011 2810 murmura
1032 2745 1154 2827 famae,

169 2871 207 2918 30
262 2852 324 2917 Hic
346 2853 408 2917 tibi
430 2853 565 2938 pallori,
589 2852 745 2937 Cynthia,
769 2875 882 2916 uersus
906 2853 976 2916 erit,

200 3386 269 3438 Van.
288 3402 362 3439 ruer.
400 3388 416 3436 8
436 3380 572 3436 Vendicet
589 3389 611 3434 D
625 3387 648 3433 V
667 3383 722 3451 (hic
739 3399 790 3451 my.
805 3387 874 3438 Μ
894 3379 1066 3460 aruellicet)
1083 3383 1087 3449 Ι
1103 3397 1138 3433 eu
1156 3385 1176 3433 Ε
1196 3385 1275 3446 m.1;

120 3493 162 3530 en
179 3488 195 3530 ς
209 3475 219 3542 ΙΙ
235 3478 266 3527 10
285 3462 541 3539 abf.1>V('etFm.
556 3470 598 3538 2):
614 3469 659 3523 aff.
674 3474 742 3536 Ης
757 3485 824 3523 nam
834 3467 985 3538 aufugiet?
1001 3469 1007 3537 Ι
1023 3468 1106 3522 corde
1120 3469 1255 3522 Heinsius
1268 3467 1277 3538 Η

125 3570 160 3618 11
184 3559 336 3633 carpatbyp
354 3566 377 3612 v
395 3562 405 3630 [Ι
425 3565 456 3614 12
476 3557 564 3613 notho
582 3563 641 3613 H
662 3559 672 3628 ΙΙ
697 3566 729 3613 14
749 3559 862 3614 subtrae
880 3564 901 3611 r
918 3561 928 3629 t
948 3564 980 3613 18
1001 3557 1043 3612 ita
1060 3564 1081 3610 r
1099 3559 1109 3627 ΙΙ
1132 3564 1164 3612 19
1183 3556 1275 3628 uncis]

122 3651 221 3707 unctis
239 3655 259 3702 Ε
277 3667 312 3704 m.
331 3655 347 3702 1
371 3651 381 3718 ΙΙ
404 3655 437 3703 21
457 3649 584 3719 periurae
603 3655 624 3700 D
639 3651 673 3701 V:
694 3646 806 3717 periuro
825 3652 883 3699 FN
902 3651 937 3716 (et
954 3651 978 3698 V
996 3665 1029 3702 m.
1049 3651 1081 3716 2)
1105 3649 1108 3715 Ι
1133 3648 1226 3701 uestes
1247 3651 1280 3699 0:

122 3741 237 3796 uestem
255 3739 342 3808 §1122
362 3739 437 3810 mea]
456 3755 501 3792 me
520 3745 542 3790 D
555 3740 565 3807 ΙΙ
579 3743 613 3791 23
633 3753 751 3791 conexos
770 3742 806 3789 lt:
826 3753 966 3790 connexos
985 3737 1091 3806 cetarii!
1112 3742 1145 3788 26
1166 3734 1279 3789 circum-

123 3831 187 3884 iere
205 3833 229 3879 lt
255 3829 265 3896 ΙΙ
291 3831 324 3880 27
353 3828 428 3895 quod
452 3845 594 3895 nunquam
612 3830 636 3877 n
659 3844 693 3880 m.
712 3831 728 3879 1
759 3827 763 3895 Ι
792 3825 889 3880 doleat
909 3830 933 3877 n
959 3843 994 3880 m.
1012 3831 1028 3878 1
1056 3827 1061 3894 Ι
1090 3828 1154 3880 acta
1179 3825 1280 3892 scripsi

123 3919 224 3990 (Misc.
245 3915 312 3972 Orat.
328 3934 358 3986 p.
379 3919 436 3986 85)=
456 3919 556 3986 (a)etas
576 3917 667 3986 ⁰t29
686 3917 869 3985 contempnas
887 3921 946 3984 r!
