3004 5068
293 353 371 410 XLII
725 353 1011 412 PROLEGOMENA.

293 518 395 604 elegis
419 522 530 584 tamen
553 519 678 605 exiguis
701 517 845 585 debitum
870 518 985 584 offerat
1007 519 1147 604 principi
1169 519 1334 587 honorem.
1371 518 1430 584 ani·

294 647 382 690 mum
406 625 537 690 attende
561 625 601 691 ad
625 648 663 692 ea
686 647 768 711 quae
791 625 866 690 inde
889 648 909 690 a
932 650 961 691 u.
983 628 1000 691 7
1026 629 1151 692 extant:

427 731 528 798 Aetas
552 732 658 818 prima
681 736 778 798 canat
801 733 958 818 Veneres,
982 737 1125 800 extrema
1147 737 1319 802 tumultus:

474 839 567 905 Bella
590 861 719 925 canam,
742 841 871 926 quando
895 841 1017 926 scripta
1040 843 1149 926 puella
1172 865 1245 908 mea
1268 845 1326 907 est.

425 945 520 1014 Nunc
543 947 618 1012 uolo
642 947 801 1014 subducto
825 948 970 1033 grauiter
992 949 1165 1033 procedere
1188 951 1291 1034 uultu,

475 1053 608 1140 Iamque
632 1054 730 1120 aliam
754 1053 912 1121 citharam
935 1078 987 1120 me
1011 1078 1083 1120 mea
1101 1056 1197 1123 Musa
1220 1055 1319 1122 docet.

296 1162 344 1225 ita
366 1163 422 1246 qui
446 1161 598 1246 loquitur,
622 1162 687 1226 iam
710 1165 798 1226 certa
816 1162 902 1248 cepit
921 1163 1073 1228 consilia:
1096 1185 1200 1228 nouae
1224 1163 1314 1248 poesi
1333 1164 1432 1226 totum

294 1290 328 1332 se
347 1268 461 1333 dedere
481 1270 551 1334 uolt
569 1291 673 1354 neque
694 1269 832 1354 amplius
858 1271 998 1335 scribere
1018 1270 1185 1353 amatoria,
1209 1273 1314 1335 aetate
1333 1268 1432 1354 prima

294 1378 447 1459 superata
476 1375 611 1440 alteram
640 1398 673 1440 se
701 1375 828 1462 ingredi
856 1377 967 1461 sentit,
995 1376 1104 1460 puella
1132 1399 1191 1441 sua
1222 1377 1372 1442 abdicata
1398 1374 1432 1438 ad

293 1482 418 1548 maiora
442 1504 476 1548 se
500 1482 650 1568 accingit.
678 1483 730 1549 fac
748 1482 810 1548 hoc
834 1483 980 1548 subitum
1002 1483 1104 1549 fuisse
1126 1487 1244 1570 poetae
1266 1483 1431 1550 eonsilium
1491 1509 1492 1512 ¹

293 1592 470 1674 posteaque
491 1589 710 1684 inmutatum:
733 1611 841 1655 nonne
865 1591 1023 1656 absonum
1051 1591 1167 1656 fuisset
1189 1591 1289 1655 subiti
1312 1611 1376 1676 quo
1399 1587 1433 1652 ad

294 1695 386 1781 opica
412 1696 578 1762 ferebatur
605 1697 745 1780 impetus
774 1698 997 1763 testimonium
1027 1699 1089 1764 hoc
1117 1699 1258 1762 inserere
1289 1697 1318 1762 ei
1347 1695 1434 1776 libro,

293 1805 328 1868 in
352 1825 416 1888 quo
439 1806 607 1886 praeterea
629 1826 681 1869 res
702 1803 843 1889 Augusti
866 1827 908 1870 ne
931 1806 1027 1871 unico
1050 1804 1180 1890 quidem
1203 1804 1346 1868 carmine
1364 1822 1432 1886 pro-

294 1911 366 1995 prio
390 1911 592 1976 celebrantur
614 1912 733 1997 quique
760 1911 858 1976 finem
880 1912 960 1978 facit
987 1913 1022 1977 iu
1043 1913 1192 1997 poemate
1216 1911 1330 1995 poesin
1353 1930 1432 1974 ama·

293 2016 413 2096 toriam
436 2017 530 2082 unice
562 2018 800 2083 commendanti
831 2016 878 2102 (H
901 2019 981 2106 ab?
1023 2020 1158 2103 absone,
1187 2017 1327 2103 inquies,
1358 2017 1433 2080 inse·

295 2125 415 2190 ruisset
444 2127 555 2209 poeta,
584 2124 612 2188 si
641 2125 711 2209 ipse
734 2125 854 2190 librum
877 2125 1044 2208 edidisset3
1078 2124 1133 2190 sed
1163 2125 1251 2189 enim
1280 2123 1375 2188 amici
1401 2141 1443 2186 eo.

294 2235 422 2296 mortuo
447 2234 556 2296 cartas
576 2234 722 2315 repertas
746 2231 781 2295 in
803 2232 969 2297 uolumina
992 2255 1073 2317 quae
1096 2253 1183 2300 nunc
1205 2229 1343 2295 H—lV
1367 2227 1433 2293 suut

293 2339 476 2425 redigentes
500 2338 583 2403 talia
605 2339 702 2404 nauci
720 2337 871 2403 habuere.
905 2360 987 2423 quae
1011 2339 1148 2404 sirecte
1172 2338 1254 2403 mihi
1278 2337 1433 2402 obiceren-

296 2450 359 2530 tur,
382 2467 458 2511 sane
474 2445 580 2510 onmis
599 2444 678 2509 haec
693 2444 870 2529 disputatio
895 2447 1059 2528 superflua
1077 2448 1163 2511 esset
1177 2466 1274 2529 quam
1292 2439 1433 2510 maxime.
1482 2367 1492 2503 l

383 2550 498 2636 Itaque
522 2550 575 2616 hic
602 2551 769 2636 paulisper
795 2571 941 2636 gressum
965 2552 1093 2637 sistam,
1122 2551 1323 2616 indicaturus
1347 2567 1433 2634 quam
1484 2518 1492 2631 Ι

295 2658 398 2724 futtili
421 2657 701 2742 argumentatione
716 2656 949 2744 Hertzbergius
974 2661 1125 2744 [quaestt.
1139 2658 1236 2740 Prop.
1250 2651 1432 2730 213-223]
1486 2696 1491 2748 ,

294 2767 342 2832 nil
365 2768 494 2850 praeter
516 2765 658 2848 primum
681 2766 833 2830 uolumen
857 2787 877 2828 a
899 2764 1068 2848 Propertio
1093 2765 1248 2830 emissum
1272 2785 1343 2829 esse
1368 2781 1432 2826 oon·

293 2872 458 2964 teuderii..
484 2872 556 2937 tota
584 2871 669 2936 enim
697 2871 735 2935 de
766 2871 978 2956 chronologia
1006 2871 1184 2936 carminum
1213 2868 1433 2952 Propertianc·

294 2999 365 3044 rum
390 2978 536 3062 quaestio
560 2980 714 3061 exparte
742 2998 808 3041 non
830 2999 932 3060 parua
961 2976 1078 3042 nititur
1101 2976 1146 3041 eis
1171 2975 1211 3040 de
1235 2974 1352 3059 quibus
1375 2967 1433 3054 agi·

295 3109 366 3153 mus
398 3085 511 3170 elegiis
541 3083 576 3148 Π
600 3085 618 3148 7
638 3120 675 3130 -
691 3083 726 3149 ΙΙ
751 3084 799 3148 13.
842 3083 952 3148 omnia
981 3084 1082 3168 igitur
1111 3105 1193 3169 quae
1217 3104 1256 3146 ex
1285 3081 1338 3146 his
1368 3098 1433 3144 con·

152 3201 157 3209 '
294 3194 466 3262 cluduntur
488 3193 642 3257 corruant
664 3212 795 3256 neeesse
814 3193 872 3272 est,
895 3191 953 3256 ubi
975 3191 1035 3254 has
1056 3189 1130 3254 sede
1148 3211 1215 3255 non
1235 3211 1294 3254 sue
1314 3187 1433 3272 positas

295 3325 365 3369 esee
398 3301 655 3365 demonstratum
688 3301 745 3362 est.
787 3296 873 3380 quod
904 3296 931 3362 si
963 3297 1145 3362 rationibus
1173 3296 1271 3381 longe
1303 3288 1433 3359 diuersis

294 3407 505 3490 effecerimus,
529 3407 599 3470 tum
614 3404 857 3490 disquisitiones
877 3403 1125 3488 chronologicas
1144 3424 1245 3488 eaque
1269 3415 1433 3488 quaecum

295 3518 347 3582 his
372 3515 545 3581 cohaerent
568 3509 766 3576 retractandi
781 3510 843 3575 erit
863 3510 962 3576 locus.
995 3511 1072 3595 quin
1087 3510 1115 3574 si
1129 3510 1190 3575 hac
1207 3512 1334 3593 aparte
1348 3499 1434 3572 liberi

293 3623 447 3706 nullaque
478 3619 628 3704 opinione
658 3617 879 3703 praeiudicata
901 3617 1049 3702 impediti
1072 3617 1175 3684 oculis
1204 3615 1432 3700 perlustramus

293 3730 395 3795 libros
419 3725 539 3811 I-III,
561 3725 594 3789 id
617 3747 683 3790 uon
704 3728 814 3808 potest
836 3747 905 3790 non
927 3725 1083 3790 mirantes
1106 3745 1167 3788 nos
1190 3722 1325 3807 habere,
1358 3713 1433 3806 quod

294 3836 372 3902 libri
401 3834 489 3899 tertii
520 3832 624 3916 elegia
653 3831 785 3910 ultima,
815 3855 879 3916 qua
901 3831 937 3896 in
961 3852 1054 3896 omne
1082 3835 1210 3917 tempus
1237 3835 1337 3913 poeta
1359 3827 1433 3912 dyn-

295 3942 384 4010 thiae
408 3937 572 4022 ualedicit,
599 3936 796 4022 respondeat
818 3936 884 4002 iere
909 3937 984 4002 libri
1007 3937 1105 4022 primi
1129 3937 1265 4003 carmini
1293 3929 1433 4022 principi,

297 4053 334 4117 ut
356 4047 459 4134 ipsius
483 4043 644 4129 Propertii
667 4064 739 4108 cum
764 4046 850 4108 certo
875 4042 1013 4109 consilio
1038 4044 1215 4109 uoluminis
1239 4043 1329 4108 tertii
1349 4059 1434 4127 opus·

298 4158 370 4223 cula
399 4150 601 4238 disponentis
630 4171 762 4214 manum
786 4151 820 4214 in
846 4150 908 4215 hac
930 4172 965 4215 re
993 4171 1167 4236 agnoscere
1190 4152 1273 4215 uelle
1303 4164 1433 4233 pronum

298 4265 348 4330 sit.
386 4259 463 4347 quid
487 4257 570 4344 quod
595 4279 668 4322 eum
691 4256 753 4324 hoe
776 4258 910 4322 tertium
933 4258 1087 4322 uolumen
1107 4258 1205 4322 etiam
1229 4256 1367 4322 edidisse
1389 4250 1434 4319 ad-

297 4367 428 4436 modum
442 4363 612 4452 probabile
632 4362 703 4428 est?
731 4385 807 4428 nam
827 4365 1096 4450 quemadmodum
1116 4365 1240 4450 elegiae
1262 4361 1313 4428 ΙΠ
1334 4365 1351 4429 1
1372 4357 1432 4428 aa

297 4478 387 4540 totae
418 4473 465 4537 ita
496 4474 571 4536 sunt
603 4475 808 4557 comparatae
837 4474 874 4535 ut
906 4476 1020 4538 contra
1051 4474 1285 4539 obtrectatores
1315 4468 1434 4538 inuidos
1476 4552 1492 5044 ,
