<?xml version="1.0" encoding="UTF-8"?>
<!DOCTYPE html PUBLIC "-//W3C//DTD XHTML 1.0 Transitional//EN"
    "http://www.w3.org/TR/xhtml1/DTD/xhtml1-transitional.dtd">
<html xmlns="http://www.w3.org/1999/xhtml" xml:lang="en" lang="en">
 <head>
  <title>
</title>
<meta http-equiv="Content-Type" content="text/html;charset=utf-8" />
  <meta name='ocr-system' content='tesseract 3.04.00' />
  <meta name='ocr-capabilities' content='ocr_page ocr_carea ocr_par ocr_line ocrx_word'/>
</head>
<body>
  <div class='ocr_page' id='page_1' title='image "./elegiarumlibrii00propgoog_0139.png"; bbox 0 0 3052 5044; ppageno 0'>
   <div class='ocr_carea' id='block_1_1' title="bbox 305 293 1075 371">
    <p class='ocr_par' dir='ltr' id='par_1_1' title="bbox 305 293 1075 371">
     <span class='ocr_line' id='line_1_1' title="bbox 305 293 1075 371; baseline 0.016 -27"><span class='ocrx_word' id='word_1_1' title='bbox 305 293 346 360; x_wconf 78' lang='lat'>78</span> <span class='ocrx_word' id='word_1_2' title='bbox 665 297 860 354; x_wconf 74' lang='lat' dir='ltr'>moenem</span> <span class='ocrx_word' id='word_1_3' title='bbox 878 299 945 371; x_wconf 73' lang='lat' dir='ltr'>ms.</span> <span class='ocrx_word' id='word_1_4' title='bbox 964 299 998 354; x_wconf 89' lang='lat' dir='ltr'>n.</span> <span class='ocrx_word' id='word_1_5' title='bbox 1018 299 1075 356; x_wconf 78' lang='lat'>24¹³.</span> 
     </span>
    </p>
   </div>
   <div class='ocr_carea' id='block_1_2' title="bbox 346 462 1358 3008">
    <p class='ocr_par' dir='ltr' id='par_1_2' title="bbox 346 462 1358 3008">
     <span class='ocr_line' id='line_1_2' title="bbox 391 462 1277 550; baseline 0.003 -24"><span class='ocrx_word' id='word_1_6' title='bbox 391 462 475 527; x_wconf 76' lang='lat' dir='ltr'>Atra</span> <span class='ocrx_word' id='word_1_7' title='bbox 496 483 623 527; x_wconf 88' lang='lat' dir='ltr'>uenena</span> <span class='ocrx_word' id='word_1_8' title='bbox 645 463 748 528; x_wconf 81' lang='lat' dir='ltr'>lib&#39;ens</span> <span class='ocrx_word' id='word_1_9' title='bbox 773 470 807 530; x_wconf 80' lang='lat' dir='ltr'>ei</span> <span class='ocrx_word' id='word_1_10' title='bbox 828 463 1007 550; x_wconf 79' lang='lat' dir='ltr'>naufragus</span> <span class='ocrx_word' id='word_1_11' title='bbox 1031 466 1142 530; x_wconf 77' lang='lat' dir='ltr'><strong>ebibat</strong></span> <span class='ocrx_word' id='word_1_12' title='bbox 1165 465 1277 547; x_wconf 86' lang='lat' dir='ltr'>undas,</span> 
     </span>
     <span class='ocr_line' id='line_1_3' title="bbox 434 568 1192 658; baseline 0.005 -26"><span class='ocrx_word' id='word_1_13' title='bbox 434 568 480 633; x_wconf 79' lang='lat' dir='ltr'>Ei</span> <span class='ocrx_word' id='word_1_14' title='bbox 502 591 678 655; x_wconf 79' lang='lat' dir='ltr'><strong>numquam</strong></span> <span class='ocrx_word' id='word_1_15' title='bbox 700 594 760 655; x_wconf 92' lang='lat' dir='ltr'>pro</span> <span class='ocrx_word' id='word_1_16' title='bbox 784 575 817 638; x_wconf 78' lang='lat' dir='ltr'>ie</span> <span class='ocrx_word' id='word_1_17' title='bbox 840 573 977 658; x_wconf 75' lang='lat' dir='ltr'>deneget</span> <span class='ocrx_word' id='word_1_18' title='bbox 999 595 1070 638; x_wconf 86' lang='lat' dir='ltr'>esse</span> <span class='ocrx_word' id='word_1_19' title='bbox 1094 573 1192 637; x_wconf 89' lang='lat' dir='ltr'>miser</span> 
     </span>
     <span class='ocr_line' id='line_1_4' title="bbox 391 671 1298 765; baseline 0.001 -26"><span class='ocrx_word' id='word_1_20' title='bbox 391 671 494 760; x_wconf 81' lang='lat' dir='ltr'>(Quos</span> <span class='ocrx_word' id='word_1_21' title='bbox 517 677 643 742; x_wconf 77' lang='lat' dir='ltr'>utinam</span> <span class='ocrx_word' id='word_1_22' title='bbox 665 679 700 742; x_wconf 91' lang='lat' dir='ltr'>in</span> <span class='ocrx_word' id='word_1_23' title='bbox 722 679 831 764; x_wconf 84' lang='lat' dir='ltr'>nobis,</span> <span class='ocrx_word' id='word_1_24' title='bbox 853 681 936 763; x_wconf 80' lang='lat' dir='ltr'>niis,</span> <span class='ocrx_word' id='word_1_25' title='bbox 960 681 1125 764; x_wconf 85' lang='lat' dir='ltr'>experiare</span> <span class='ocrx_word' id='word_1_26' title='bbox 1149 676 1298 765; x_wconf 86' lang='lat' dir='ltr'>labores):</span> 
     </span>
     <span class='ocr_line' id='line_1_5' title="bbox 346 781 1181 869; baseline 0.006 -23"><span class='ocrx_word' id='word_1_27' title='bbox 346 799 381 847; x_wconf 81' lang='lat' dir='ltr'>so</span> <span class='ocrx_word' id='word_1_28' title='bbox 435 781 505 847; x_wconf 88' lang='lat' dir='ltr'>Iam</span> <span class='ocrx_word' id='word_1_29' title='bbox 528 783 589 847; x_wconf 77' lang='lat' dir='ltr'>tibi</span> <span class='ocrx_word' id='word_1_30' title='bbox 613 783 652 848; x_wconf 90' lang='lat' dir='ltr'>de</span> <span class='ocrx_word' id='word_1_31' title='bbox 674 785 799 850; x_wconf 78' lang='lat' dir='ltr'>timidis</span> <span class='ocrx_word' id='word_1_32' title='bbox 823 786 885 850; x_wconf 78' lang='lat' dir='ltr'>iste</span> <span class='ocrx_word' id='word_1_33' title='bbox 908 789 1080 869; x_wconf 75' lang='lat' dir='ltr'>proteruus</span> <span class='ocrx_word' id='word_1_34' title='bbox 1105 787 1181 869; x_wconf 75' lang='lat' dir='ltr'>erit,</span> 
     </span>
     <span class='ocr_line' id='line_1_6' title="bbox 391 888 1337 966; baseline 0 -14"><span class='ocrx_word' id='word_1_35' title='bbox 391 888 562 966; x_wconf 73' lang='lat' dir='ltr'>Quinum</span> <span class='ocrx_word' id='word_1_36' title='bbox 585 912 619 954; x_wconf 87' lang='lat' dir='ltr'>se</span> <span class='ocrx_word' id='word_1_37' title='bbox 644 892 679 955; x_wconf 94' lang='lat' dir='ltr'>in</span> <span class='ocrx_word' id='word_1_38' title='bbox 701 891 861 956; x_wconf 74' lang='lat' dir='ltr'>tumidum</span> <span class='ocrx_word' id='word_1_39' title='bbox 884 893 1034 958; x_wconf 75' lang='lat' dir='ltr'>iactando</span> <span class='ocrx_word' id='word_1_40' title='bbox 1058 893 1150 958; x_wconf 80' lang='lat' dir='ltr'>uenii</span> <span class='ocrx_word' id='word_1_41' title='bbox 1167 892 1337 956; x_wconf 89' lang='lat' dir='ltr'>honorem:</span> 
     </span>
     <span class='ocr_line' id='line_1_7' title="bbox 435 995 1145 1083; baseline 0.003 -23"><span class='ocrx_word' id='word_1_42' title='bbox 435 995 615 1062; x_wconf 79' lang='lat' dir='ltr'><strong>Discidium</strong></span> <span class='ocrx_word' id='word_1_43' title='bbox 638 997 734 1062; x_wconf 85' lang='lat' dir='ltr'>uobis</span> <span class='ocrx_word' id='word_1_44' title='bbox 757 1000 924 1083; x_wconf 86' lang='lat' dir='ltr'>proximus</span> <span class='ocrx_word' id='word_1_45' title='bbox 948 1023 1051 1064; x_wconf 89' lang='lat' dir='ltr'>annus</span> <span class='ocrx_word' id='word_1_46' title='bbox 1075 1000 1145 1064; x_wconf 72' lang='lat' dir='ltr'>erit.</span> 
     </span>
     <span class='ocr_line' id='line_1_8' title="bbox 392 1102 1157 1190; baseline 0.004 -24"><span class='ocrx_word' id='word_1_47' title='bbox 392 1102 437 1166; x_wconf 76' lang='lat' dir='ltr'>Ae</span> <span class='ocrx_word' id='word_1_48' title='bbox 460 1124 511 1168; x_wconf 91' lang='lat' dir='ltr'>me</span> <span class='ocrx_word' id='word_1_49' title='bbox 535 1125 602 1168; x_wconf 93' lang='lat' dir='ltr'>non</span> <span class='ocrx_word' id='word_1_50' title='bbox 626 1108 715 1168; x_wconf 83' lang='lat' dir='ltr'>aetas</span> <span class='ocrx_word' id='word_1_51' title='bbox 739 1106 883 1170; x_wconf 75' lang='lat' dir='ltr'><strong>mutabit</strong></span> <span class='ocrx_word' id='word_1_52' title='bbox 904 1110 977 1172; x_wconf 76' lang='lat' dir='ltr'>iota</span> <span class='ocrx_word' id='word_1_53' title='bbox 1000 1105 1157 1190; x_wconf 81' lang='lat' dir='ltr'>Sibyllae,</span> 
     </span>
     <span class='ocr_line' id='line_1_9' title="bbox 435 1208 1183 1298; baseline 0.004 -25"><span class='ocrx_word' id='word_1_54' title='bbox 435 1208 511 1274; x_wconf 91' lang='lat' dir='ltr'>Non</span> <span class='ocrx_word' id='word_1_55' title='bbox 533 1210 629 1275; x_wconf 89' lang='lat' dir='ltr'>labor</span> <span class='ocrx_word' id='word_1_56' title='bbox 650 1210 800 1294; x_wconf 86' lang='lat' dir='ltr'>Aloidae,</span> <span class='ocrx_word' id='word_1_57' title='bbox 822 1235 890 1278; x_wconf 91' lang='lat' dir='ltr'>non</span> <span class='ocrx_word' id='word_1_58' title='bbox 911 1214 1004 1298; x_wconf 85' lang='lat' dir='ltr'>niger</span> <span class='ocrx_word' id='word_1_59' title='bbox 1025 1212 1084 1277; x_wconf 93' lang='lat' dir='ltr'>ille</span> <span class='ocrx_word' id='word_1_60' title='bbox 1107 1213 1183 1277; x_wconf 82' lang='lat' dir='ltr'>dies</span> 
     </span>
     <span class='ocr_line' id='line_1_10' title="bbox 347 1315 1226 1404; baseline 0.001 -25"><span class='ocrx_word' id='word_1_61' title='bbox 347 1331 381 1379; x_wconf 81' lang='lat'>35</span> <span class='ocrx_word' id='word_1_62' title='bbox 392 1315 476 1381; x_wconf 87' lang='lat' dir='ltr'>Tum</span> <span class='ocrx_word' id='word_1_63' title='bbox 500 1338 550 1381; x_wconf 90' lang='lat' dir='ltr'>me</span> <span class='ocrx_word' id='word_1_64' title='bbox 575 1338 749 1401; x_wconf 81' lang='lat' dir='ltr'>compones</span> <span class='ocrx_word' id='word_1_65' title='bbox 773 1323 806 1383; x_wconf 79' lang='lat' dir='ltr'>ei</span> <span class='ocrx_word' id='word_1_66' title='bbox 829 1319 915 1384; x_wconf 81' lang='lat' dir='ltr'>dices</span> <span class='ocrx_word' id='word_1_67' title='bbox 939 1318 1039 1402; x_wconf 76' lang='lat' dir='ltr'>‘ossa,</span> <span class='ocrx_word' id='word_1_68' title='bbox 1063 1317 1226 1404; x_wconf 67' lang='lat' dir='ltr'>Properti,</span> 
     </span>
     <span class='ocr_line' id='line_1_11' title="bbox 435 1422 1222 1491; baseline 0.003 -4"><span class='ocrx_word' id='word_1_69' title='bbox 435 1422 525 1488; x_wconf 87' lang='lat' dir='ltr'>Haeo</span> <span class='ocrx_word' id='word_1_70' title='bbox 548 1427 606 1489; x_wconf 75' lang='lat' dir='ltr'>tua</span> <span class='ocrx_word' id='word_1_71' title='bbox 629 1429 718 1489; x_wconf 79' lang='lat' dir='ltr'>suni:</span> <span class='ocrx_word' id='word_1_72' title='bbox 743 1426 823 1491; x_wconf 90' lang='lat' dir='ltr'>eheu</span> <span class='ocrx_word' id='word_1_73' title='bbox 846 1429 883 1490; x_wconf 77' lang='lat' dir='ltr'>iu</span> <span class='ocrx_word' id='word_1_74' title='bbox 906 1425 987 1490; x_wconf 92' lang='lat' dir='ltr'>mihi</span> <span class='ocrx_word' id='word_1_75' title='bbox 1011 1430 1118 1490; x_wconf 78' lang='lat' dir='ltr'>aerius</span> <span class='ocrx_word' id='word_1_76' title='bbox 1143 1448 1222 1490; x_wconf 89' lang='lat' dir='ltr'>eras.</span> 
     </span>
     <span class='ocr_line' id='line_1_12' title="bbox 392 1528 1264 1618; baseline 0.001 -24"><span class='ocrx_word' id='word_1_77' title='bbox 392 1528 506 1595; x_wconf 79' lang='lat' dir='ltr'>Oenius</span> <span class='ocrx_word' id='word_1_78' title='bbox 530 1553 602 1596; x_wconf 89' lang='lat' dir='ltr'>eras</span> <span class='ocrx_word' id='word_1_79' title='bbox 626 1532 721 1616; x_wconf 89' lang='lat' dir='ltr'>eheu,</span> <span class='ocrx_word' id='word_1_80' title='bbox 744 1534 891 1617; x_wconf 88' lang='lat' dir='ltr'>quamuis</span> <span class='ocrx_word' id='word_1_81' title='bbox 914 1554 974 1597; x_wconf 88' lang='lat' dir='ltr'>nee</span> <span class='ocrx_word' id='word_1_82' title='bbox 997 1533 1155 1618; x_wconf 83' lang='lat' dir='ltr'>sanguine</span> <span class='ocrx_word' id='word_1_83' title='bbox 1178 1531 1264 1596; x_wconf 79' lang='lat' dir='ltr'>auito</span> 
     </span>
     <span class='ocr_line' id='line_1_13' title="bbox 435 1636 1181 1724; baseline -0.003 -21"><span class='ocrx_word' id='word_1_84' title='bbox 435 1638 563 1703; x_wconf 81' lang='lat' dir='ltr'>Nobilis</span> <span class='ocrx_word' id='word_1_85' title='bbox 588 1643 621 1703; x_wconf 78' lang='lat' dir='ltr'>ei</span> <span class='ocrx_word' id='word_1_86' title='bbox 644 1641 792 1724; x_wconf 89' lang='lat' dir='ltr'>quamuis</span> <span class='ocrx_word' id='word_1_87' title='bbox 814 1662 881 1705; x_wconf 90' lang='lat' dir='ltr'>non</span> <span class='ocrx_word' id='word_1_88' title='bbox 903 1640 950 1704; x_wconf 80' lang='lat' dir='ltr'>iia</span> <span class='ocrx_word' id='word_1_89' title='bbox 973 1636 1064 1705; x_wconf 85' lang='lat' dir='ltr'>diues</span> <span class='ocrx_word' id='word_1_90' title='bbox 1087 1637 1181 1702; x_wconf 70' lang='lat' dir='ltr'>eras?</span> 
     </span>
     <span class='ocr_line' id='line_1_14' title="bbox 391 1742 1358 1831; baseline -0.002 -23"><span class='ocrx_word' id='word_1_91' title='bbox 391 1742 448 1808; x_wconf 89' lang='lat' dir='ltr'>Nil</span> <span class='ocrx_word' id='word_1_92' title='bbox 472 1765 532 1830; x_wconf 85' lang='lat' dir='ltr'>ego</span> <span class='ocrx_word' id='word_1_93' title='bbox 555 1767 622 1809; x_wconf 90' lang='lat' dir='ltr'>non</span> <span class='ocrx_word' id='word_1_94' title='bbox 645 1747 767 1830; x_wconf 74' lang='lat' dir='ltr'>patiar:</span> <span class='ocrx_word' id='word_1_95' title='bbox 789 1768 968 1831; x_wconf 78' lang='lat' dir='ltr'><strong>numquam</strong></span> <span class='ocrx_word' id='word_1_96' title='bbox 990 1768 1042 1810; x_wconf 91' lang='lat' dir='ltr'>me</span> <span class='ocrx_word' id='word_1_97' title='bbox 1065 1745 1184 1810; x_wconf 86' lang='lat' dir='ltr'>iniuria</span> <span class='ocrx_word' id='word_1_98' title='bbox 1206 1747 1319 1808; x_wconf 76' lang='lat' dir='ltr'><strong>mutat:</strong></span> <span class='ocrx_word' id='word_1_99' title='bbox 1355 1768 1358 1772; x_wconf 63' lang='grc'>’</span> 
     </span>
     <span class='ocr_line' id='line_1_15' title="bbox 347 1849 1277 1936; baseline 0.001 -23"><span class='ocrx_word' id='word_1_100' title='bbox 347 1865 382 1914; x_wconf 80' lang='lat'>40</span> <span class='ocrx_word' id='word_1_101' title='bbox 436 1849 533 1914; x_wconf 87' lang='lat' dir='ltr'>Ferre</span> <span class='ocrx_word' id='word_1_102' title='bbox 558 1873 618 1936; x_wconf 87' lang='lat' dir='ltr'>ego</span> <span class='ocrx_word' id='word_1_103' title='bbox 642 1852 821 1918; x_wconf 83' lang='lat' dir='ltr'>formosam</span> <span class='ocrx_word' id='word_1_104' title='bbox 843 1854 970 1918; x_wconf 89' lang='lat' dir='ltr'>nullum</span> <span class='ocrx_word' id='word_1_105' title='bbox 993 1875 1074 1918; x_wconf 89' lang='lat' dir='ltr'>onus</span> <span class='ocrx_word' id='word_1_106' title='bbox 1099 1875 1169 1916; x_wconf 86' lang='lat' dir='ltr'>esse</span> <span class='ocrx_word' id='word_1_107' title='bbox 1192 1854 1277 1935; x_wconf 81' lang='lat' dir='ltr'>puto.</span> 
     </span>
     <span class='ocr_line' id='line_1_16' title="bbox 393 1955 1201 2043; baseline 0.002 -23"><span class='ocrx_word' id='word_1_108' title='bbox 393 1955 497 2021; x_wconf 82' lang='lat' dir='ltr'>Credo</span> <span class='ocrx_word' id='word_1_109' title='bbox 522 1978 583 2042; x_wconf 83' lang='lat' dir='ltr'>ego</span> <span class='ocrx_word' id='word_1_110' title='bbox 607 1980 673 2022; x_wconf 91' lang='lat' dir='ltr'>non</span> <span class='ocrx_word' id='word_1_111' title='bbox 696 1981 816 2043; x_wconf 81' lang='lat' dir='ltr'>paucos</span> <span class='ocrx_word' id='word_1_112' title='bbox 839 1961 904 2024; x_wconf 77' lang='lat' dir='ltr'>isla</span> <span class='ocrx_word' id='word_1_113' title='bbox 926 1959 1062 2042; x_wconf 90' lang='lat' dir='ltr'>periisse</span> <span class='ocrx_word' id='word_1_114' title='bbox 1084 1959 1201 2043; x_wconf 85' lang='lat' dir='ltr'>figura,</span> 
     </span>
     <span class='ocr_line' id='line_1_17' title="bbox 437 2061 1239 2150; baseline 0 -22"><span class='ocrx_word' id='word_1_115' title='bbox 437 2061 540 2128; x_wconf 83' lang='lat' dir='ltr'>Credo</span> <span class='ocrx_word' id='word_1_116' title='bbox 565 2086 625 2150; x_wconf 86' lang='lat' dir='ltr'>ego</span> <span class='ocrx_word' id='word_1_117' title='bbox 649 2066 705 2130; x_wconf 92' lang='lat' dir='ltr'>sed</span> <span class='ocrx_word' id='word_1_118' title='bbox 727 2067 848 2132; x_wconf 79' lang='lat' dir='ltr'>multos</span> <span class='ocrx_word' id='word_1_119' title='bbox 870 2089 938 2132; x_wconf 88' lang='lat' dir='ltr'>uon</span> <span class='ocrx_word' id='word_1_120' title='bbox 959 2067 1113 2131; x_wconf 84' lang='lat' dir='ltr'>habuisse</span> <span class='ocrx_word' id='word_1_121' title='bbox 1136 2065 1239 2129; x_wconf 88' lang='lat' dir='ltr'>fidem.</span> 
     </span>
     <span class='ocr_line' id='line_1_18' title="bbox 391 2170 1113 2259; baseline 0.007 -25"><span class='ocrx_word' id='word_1_122' title='bbox 391 2170 497 2236; x_wconf 87' lang='lat' dir='ltr'>Paruo</span> <span class='ocrx_word' id='word_1_123' title='bbox 522 2172 635 2237; x_wconf 74' lang='lat' dir='ltr'>dilexit</span> <span class='ocrx_word' id='word_1_124' title='bbox 658 2174 764 2257; x_wconf 74' lang='lat' dir='ltr'>spatio</span> <span class='ocrx_word' id='word_1_125' title='bbox 788 2173 932 2239; x_wconf 87' lang='lat' dir='ltr'>Minoida</span> <span class='ocrx_word' id='word_1_126' title='bbox 955 2173 1113 2259; x_wconf 75' lang='lat' dir='ltr'>Thasoue,</span> 
     </span>
     <span class='ocr_line' id='line_1_19' title="bbox 435 2278 1276 2366; baseline 0.004 -25"><span class='ocrx_word' id='word_1_127' title='bbox 435 2278 588 2362; x_wconf 83' lang='lat' dir='ltr'>Phyllida</span> <span class='ocrx_word' id='word_1_128' title='bbox 610 2278 839 2364; x_wconf 87' lang='lat' dir='ltr'>Demophoon,</span> <span class='ocrx_word' id='word_1_129' title='bbox 861 2281 981 2365; x_wconf 83' lang='lat' dir='ltr'>hospes</span> <span class='ocrx_word' id='word_1_130' title='bbox 1004 2284 1139 2366; x_wconf 76' lang='lat' dir='ltr'>uterque</span> <span class='ocrx_word' id='word_1_131' title='bbox 1164 2281 1276 2344; x_wconf 89' lang='lat' dir='ltr'>malus.</span> 
     </span>
     <span class='ocr_line' id='line_1_20' title="bbox 347 2383 1214 2472; baseline 0.003 -25"><span class='ocrx_word' id='word_1_132' title='bbox 347 2399 381 2448; x_wconf 78' lang='lat'>45</span> <span class='ocrx_word' id='word_1_133' title='bbox 392 2383 497 2459; x_wconf 82' lang='lat' dir='ltr'><strong>Quam</strong></span> <span class='ocrx_word' id='word_1_134' title='bbox 519 2384 584 2450; x_wconf 79' lang='lat' dir='ltr'>cilo</span> <span class='ocrx_word' id='word_1_135' title='bbox 607 2385 740 2452; x_wconf 89' lang='lat' dir='ltr'>Iasonia</span> <span class='ocrx_word' id='word_1_136' title='bbox 762 2391 858 2452; x_wconf 75' lang='lat' dir='ltr'>uecta</span> <span class='ocrx_word' id='word_1_137' title='bbox 881 2390 932 2452; x_wconf 71' lang='lat' dir='ltr'>esi</span> <span class='ocrx_word' id='word_1_138' title='bbox 954 2386 1068 2451; x_wconf 91' lang='lat' dir='ltr'>Medea</span> <span class='ocrx_word' id='word_1_139' title='bbox 1091 2387 1214 2472; x_wconf 77' lang='lat' dir='ltr'>carina,</span> 
     </span>
     <span class='ocr_line' id='line_1_21' title="bbox 436 2489 1130 2560; baseline 0.006 -7"><span class='ocrx_word' id='word_1_140' title='bbox 436 2489 482 2554; x_wconf 75' lang='lat' dir='ltr'>Et</span> <span class='ocrx_word' id='word_1_141' title='bbox 503 2492 600 2557; x_wconf 91' lang='lat' dir='ltr'>modo</span> <span class='ocrx_word' id='word_1_142' title='bbox 625 2494 666 2556; x_wconf 91' lang='lat' dir='ltr'>ab</span> <span class='ocrx_word' id='word_1_143' title='bbox 690 2494 791 2560; x_wconf 92' lang='lat' dir='ltr'>infido</span> <span class='ocrx_word' id='word_1_144' title='bbox 816 2496 886 2560; x_wconf 91' lang='lat' dir='ltr'>sola</span> <span class='ocrx_word' id='word_1_145' title='bbox 908 2495 1023 2558; x_wconf 75' lang='lat' dir='ltr'>relicta</span> <span class='ocrx_word' id='word_1_146' title='bbox 1046 2494 1130 2558; x_wconf 88' lang='lat' dir='ltr'>uiro!</span> 
     </span>
     <span class='ocr_line' id='line_1_22' title="bbox 391 2597 1313 2686; baseline 0.002 -24"><span class='ocrx_word' id='word_1_147' title='bbox 391 2597 483 2663; x_wconf 89' lang='lat' dir='ltr'>Dura</span> <span class='ocrx_word' id='word_1_148' title='bbox 505 2602 567 2684; x_wconf 80' lang='lat' dir='ltr'>est,</span> <span class='ocrx_word' id='word_1_149' title='bbox 591 2623 674 2686; x_wconf 88' lang='lat' dir='ltr'>quae</span> <span class='ocrx_word' id='word_1_150' title='bbox 695 2602 808 2666; x_wconf 79' lang='lat' dir='ltr'>multis</span> <span class='ocrx_word' id='word_1_151' title='bbox 832 2601 1019 2666; x_wconf 70' lang='lat' dir='ltr'>simulatum</span> <span class='ocrx_word' id='word_1_152' title='bbox 1041 2600 1137 2685; x_wconf 74' lang='lat' dir='ltr'>fingit</span> <span class='ocrx_word' id='word_1_153' title='bbox 1160 2623 1313 2685; x_wconf 83' lang='lat' dir='ltr'>amorem,</span> 
     </span>
     <span class='ocr_line' id='line_1_23' title="bbox 430 2705 1130 2794; baseline 0.006 -25"><span class='ocrx_word' id='word_1_154' title='bbox 430 2705 480 2770; x_wconf 78' lang='lat' dir='ltr'>&#39;Ei</span> <span class='ocrx_word' id='word_1_155' title='bbox 503 2728 537 2770; x_wconf 87' lang='lat' dir='ltr'>se</span> <span class='ocrx_word' id='word_1_156' title='bbox 560 2708 633 2791; x_wconf 89' lang='lat' dir='ltr'>plus</span> <span class='ocrx_word' id='word_1_157' title='bbox 657 2708 711 2772; x_wconf 89' lang='lat' dir='ltr'>uni</span> <span class='ocrx_word' id='word_1_158' title='bbox 735 2709 763 2772; x_wconf 89' lang='lat' dir='ltr'>si</span> <span class='ocrx_word' id='word_1_159' title='bbox 787 2730 851 2794; x_wconf 88' lang='lat' dir='ltr'>qua</span> <span class='ocrx_word' id='word_1_160' title='bbox 873 2729 989 2792; x_wconf 89' lang='lat' dir='ltr'>parare</span> <span class='ocrx_word' id='word_1_161' title='bbox 1011 2709 1130 2792; x_wconf 50' lang='lat' dir='ltr'>potesis</span> 
     </span>
     <span class='ocr_line' id='line_1_24' title="bbox 390 2810 1071 2899; baseline 0.006 -23"><span class='ocrx_word' id='word_1_162' title='bbox 390 2810 469 2877; x_wconf 86' lang='lat' dir='ltr'>Noli</span> <span class='ocrx_word' id='word_1_163' title='bbox 491 2813 670 2899; x_wconf 88' lang='lat' dir='ltr'>nobilibus,</span> <span class='ocrx_word' id='word_1_164' title='bbox 693 2815 761 2880; x_wconf 90' lang='lat' dir='ltr'>noli</span> <span class='ocrx_word' id='word_1_165' title='bbox 784 2815 928 2880; x_wconf 87' lang='lat' dir='ltr'>conferre</span> <span class='ocrx_word' id='word_1_166' title='bbox 951 2815 1071 2880; x_wconf 76' lang='lat' dir='ltr'>beatis:</span> 
     </span>
     <span class='ocr_line' id='line_1_25' title="bbox 347 2918 1169 3008; baseline 0.005 -27"><span class='ocrx_word' id='word_1_167' title='bbox 347 2934 381 2982; x_wconf 81' lang='lat' dir='ltr'>oo</span> <span class='ocrx_word' id='word_1_168' title='bbox 436 2918 500 2982; x_wconf 88' lang='lat' dir='ltr'>Vix</span> <span class='ocrx_word' id='word_1_169' title='bbox 525 2921 628 3005; x_wconf 74' lang='lat' dir='ltr'>uenit,</span> <span class='ocrx_word' id='word_1_170' title='bbox 652 2921 795 2986; x_wconf 64' lang='lat' dir='ltr'>extremo</span> <span class='ocrx_word' id='word_1_171' title='bbox 819 2923 875 3006; x_wconf 93' lang='lat' dir='ltr'>qui</span> <span class='ocrx_word' id='word_1_172' title='bbox 898 2921 987 3008; x_wconf 81' lang='lat' dir='ltr'>legat</span> <span class='ocrx_word' id='word_1_173' title='bbox 1010 2944 1086 2987; x_wconf 86' lang='lat' dir='ltr'>ossa</span> <span class='ocrx_word' id='word_1_174' title='bbox 1108 2921 1169 2986; x_wconf 86' lang='lat' dir='ltr'>die.</span> 
     </span>
    </p>
   </div>
   <div class='ocr_carea' id='block_1_3' title="bbox 302 3197 1435 4343">
    <p class='ocr_par' dir='ltr' id='par_1_3' title="bbox 302 3197 1435 4343">
     <span class='ocr_line' id='line_1_26' title="bbox 372 3197 1434 3271; baseline -0.007 -14"><span class='ocrx_word' id='word_1_175' title='bbox 372 3203 442 3257; x_wconf 72' lang='lat' dir='ltr'>Vin.</span> <span class='ocrx_word' id='word_1_176' title='bbox 461 3219 535 3256; x_wconf 78' lang='lat' dir='ltr'>naor.</span> <span class='ocrx_word' id='word_1_177' title='bbox 577 3206 611 3256; x_wconf 75' lang='lat'>2⁷</span> <span class='ocrx_word' id='word_1_178' title='bbox 640 3203 711 3256; x_wconf 67' lang='lat' dir='ltr'>Atra</span> <span class='ocrx_word' id='word_1_179' title='bbox 727 3203 839 3271; x_wconf 71' lang='lat' dir='ltr'>scripsi:</span> <span class='ocrx_word' id='word_1_180' title='bbox 859 3202 944 3256; x_wconf 74' lang='lat' dir='ltr'>Tetra</span> <span class='ocrx_word' id='word_1_181' title='bbox 962 3207 981 3255; x_wconf 84' lang='lat'><strong>0</strong></span> <span class='ocrx_word' id='word_1_182' title='bbox 1000 3202 1080 3256; x_wconf 69' lang='lat' dir='ltr'>Trita</span> <span class='ocrx_word' id='word_1_183' title='bbox 1098 3201 1234 3256; x_wconf 74' lang='lat' dir='ltr'>Heinsius</span> <span class='ocrx_word' id='word_1_184' title='bbox 1257 3204 1262 3271; x_wconf 92' lang='grc' dir='ltr'>Ι</span> <span class='ocrx_word' id='word_1_185' title='bbox 1288 3203 1378 3258; x_wconf 71' lang='lat' dir='ltr'>odibat</span> <span class='ocrx_word' id='word_1_186' title='bbox 1394 3205 1412 3250; x_wconf 78' lang='lat' dir='ltr'>n</span> <span class='ocrx_word' id='word_1_187' title='bbox 1429 3197 1434 3263; x_wconf 75' lang='lat' dir='ltr'>l</span> 
     </span>
     <span class='ocr_line' id='line_1_27' title="bbox 303 3285 1432 3362; baseline -0.008 -13"><span class='ocrx_word' id='word_1_188' title='bbox 303 3299 337 3349; x_wconf 80' lang='lat'>28</span> <span class='ocrx_word' id='word_1_189' title='bbox 356 3309 494 3362; x_wconf 87' lang='lat' dir='ltr'>nusquam</span> <span class='ocrx_word' id='word_1_190' title='bbox 514 3291 703 3346; x_wconf 75' lang='lat' dir='ltr'>Marklandss</span> <span class='ocrx_word' id='word_1_191' title='bbox 729 3292 740 3360; x_wconf 78' lang='grc'>11</span> <span class='ocrx_word' id='word_1_192' title='bbox 766 3298 799 3346; x_wconf 88' lang='grc'>31</span> <span class='ocrx_word' id='word_1_193' title='bbox 820 3308 918 3347; x_wconf 83' lang='lat' dir='ltr'>soom.</span> <span class='ocrx_word' id='word_1_194' title='bbox 938 3309 955 3350; x_wconf 86' lang='grc' dir='ltr'><strong>ς</strong></span> <span class='ocrx_word' id='word_1_195' title='bbox 980 3296 985 3360; x_wconf 83' lang='grc' dir='ltr'>Ι</span> <span class='ocrx_word' id='word_1_196' title='bbox 1009 3291 1116 3346; x_wconf 76' lang='lat' dir='ltr'>tumide</span> <span class='ocrx_word' id='word_1_197' title='bbox 1133 3297 1168 3359; x_wconf 68' lang='lat'>1³3</span> <span class='ocrx_word' id='word_1_198' title='bbox 1193 3291 1224 3346; x_wconf 90' lang='lat' dir='ltr'>in</span> <span class='ocrx_word' id='word_1_199' title='bbox 1246 3295 1353 3347; x_wconf 77' lang='lat' dir='ltr'>tantmn</span> <span class='ocrx_word' id='word_1_200' title='bbox 1373 3285 1432 3342; x_wconf 80' lang='lat' dir='ltr'>coni.</span> 
     </span>
     <span class='ocr_line' id='line_1_28' title="bbox 302 3370 1433 3450; baseline 0.002 -12"><span class='ocrx_word' id='word_1_201' title='bbox 302 3384 464 3450; x_wconf 55' lang='lat' dir='ltr'>Liuineius</span> <span class='ocrx_word' id='word_1_202' title='bbox 491 3382 585 3436; x_wconf 74' lang='lat' dir='ltr'>murm</span> <span class='ocrx_word' id='word_1_203' title='bbox 613 3397 642 3438; x_wconf 73' lang='lat' dir='ltr'>se</span> <span class='ocrx_word' id='word_1_204' title='bbox 665 3379 774 3436; x_wconf 65' lang='lat' dir='ltr'>umido</span> <span class='ocrx_word' id='word_1_205' title='bbox 796 3381 928 3436; x_wconf 69' lang='lat' dir='ltr'>scando</span> <span class='ocrx_word' id='word_1_206' title='bbox 950 3381 1062 3436; x_wconf 71' lang='lat' dir='ltr'>inueni</span> <span class='ocrx_word' id='word_1_207' title='bbox 1085 3383 1096 3450; x_wconf 91' lang='lat' dir='ltr'>l</span> <span class='ocrx_word' id='word_1_208' title='bbox 1122 3387 1156 3436; x_wconf 77' lang='lat' dir='ltr'>se</span> <span class='ocrx_word' id='word_1_209' title='bbox 1185 3380 1336 3437; x_wconf 67' lang='lat' dir='ltr'>nennium</span> <span class='ocrx_word' id='word_1_210' title='bbox 1351 3381 1405 3433; x_wconf 83' lang='lat' dir='ltr'>nv</span> <span class='ocrx_word' id='word_1_211' title='bbox 1430 3370 1433 3440; x_wconf 84' lang='lat' dir='ltr'>l</span> 
     </span>
     <span class='ocr_line' id='line_1_29' title="bbox 303 3467 1435 3540; baseline -0.007 -12"><span class='ocrx_word' id='word_1_212' title='bbox 303 3474 383 3529; x_wconf 89' lang='lat' dir='ltr'>nobis</span> <span class='ocrx_word' id='word_1_213' title='bbox 401 3479 422 3525; x_wconf 66' lang='lat'>12</span> <span class='ocrx_word' id='word_1_214' title='bbox 441 3490 475 3528; x_wconf 86' lang='lat' dir='ltr'>m.</span> <span class='ocrx_word' id='word_1_215' title='bbox 494 3477 510 3526; x_wconf 87' lang='lat'><strong><em>1</em></strong></span> <span class='ocrx_word' id='word_1_216' title='bbox 534 3473 544 3540; x_wconf 78' lang='lat' dir='ltr'>l</span> <span class='ocrx_word' id='word_1_217' title='bbox 567 3478 601 3526; x_wconf 82' lang='grc'>33</span> <span class='ocrx_word' id='word_1_218' title='bbox 620 3470 754 3540; x_wconf 82' lang='lat' dir='ltr'>sibill(a)e</span> <span class='ocrx_word' id='word_1_219' title='bbox 772 3476 831 3523; x_wconf 72' lang='lat' dir='ltr'>PR</span> <span class='ocrx_word' id='word_1_220' title='bbox 857 3472 868 3540; x_wconf 83' lang='grc' dir='ltr'>ΙΙ</span> <span class='ocrx_word' id='word_1_221' title='bbox 894 3477 999 3526; x_wconf 80' lang='grc'>35-38</span> <span class='ocrx_word' id='word_1_222' title='bbox 1018 3477 1084 3540; x_wconf 81' lang='lat' dir='ltr'>post</span> <span class='ocrx_word' id='word_1_223' title='bbox 1101 3477 1135 3524; x_wconf 79' lang='lat'>52</span> <span class='ocrx_word' id='word_1_224' title='bbox 1154 3473 1250 3525; x_wconf 79' lang='lat' dir='ltr'>traicit</span> <span class='ocrx_word' id='word_1_225' title='bbox 1268 3471 1346 3526; x_wconf 75' lang='lat' dir='ltr'>Coei.</span> <span class='ocrx_word' id='word_1_226' title='bbox 1364 3467 1435 3520; x_wconf 77' lang='lat' dir='ltr'>Ross-</span> 
     </span>
     <span class='ocr_line' id='line_1_30' title="bbox 305 3557 1435 3632; baseline -0.006 -15"><span class='ocrx_word' id='word_1_227' title='bbox 305 3563 482 3632; x_wconf 65' lang='lat' dir='ltr'>berpisslib</span> <span class='ocrx_word' id='word_1_228' title='bbox 502 3561 573 3616; x_wconf 86' lang='lat' dir='ltr'>Tum</span> <span class='ocrx_word' id='word_1_229' title='bbox 592 3578 637 3616; x_wconf 86' lang='lat' dir='ltr'>me</span> <span class='ocrx_word' id='word_1_230' title='bbox 655 3561 766 3630; x_wconf 79' lang='lat' dir='ltr'>scripsi:</span> <span class='ocrx_word' id='word_1_231' title='bbox 786 3560 828 3614; x_wconf 87' lang='lat' dir='ltr'>Tu</span> <span class='ocrx_word' id='word_1_232' title='bbox 848 3578 911 3615; x_wconf 84' lang='lat' dir='ltr'>mea</span> <span class='ocrx_word' id='word_1_233' title='bbox 929 3563 1033 3630; x_wconf 66' lang='grc' dir='ltr'>οΕ36,</span> <span class='ocrx_word' id='word_1_234' title='bbox 1052 3567 1086 3616; x_wconf 83' lang='grc'>37</span> <span class='ocrx_word' id='word_1_235' title='bbox 1106 3561 1177 3615; x_wconf 87' lang='lat' dir='ltr'>eheu</span> <span class='ocrx_word' id='word_1_236' title='bbox 1194 3566 1255 3613; x_wconf 74' lang='lat' dir='ltr'>H</span> <span class='ocrx_word' id='word_1_237' title='bbox 1273 3557 1435 3630; x_wconf 70' lang='lat' dir='ltr'>(priorelooo</span> 
     </span>
     <span class='ocr_line' id='line_1_31' title="bbox 304 3643 1435 3722; baseline -0.005 -18"><span class='ocrx_word' id='word_1_238' title='bbox 304 3658 326 3704; x_wconf 78' lang='lat' dir='ltr'>r</span> <span class='ocrx_word' id='word_1_239' title='bbox 343 3668 395 3722; x_wconf 68' lang='grc' dir='ltr'>ηις.</span> <span class='ocrx_word' id='word_1_240' title='bbox 414 3670 448 3706; x_wconf 85' lang='lat' dir='ltr'>m.</span> <span class='ocrx_word' id='word_1_241' title='bbox 468 3657 488 3708; x_wconf 82' lang='lat'><strong><em>2</em></strong></span> <span class='ocrx_word' id='word_1_242' title='bbox 507 3653 539 3706; x_wconf 77' lang='lat' dir='ltr'>al</span> <span class='ocrx_word' id='word_1_243' title='bbox 556 3651 634 3720; x_wconf 88' lang='lat' dir='ltr'>heu):</span> <span class='ocrx_word' id='word_1_244' title='bbox 659 3651 716 3704; x_wconf 86' lang='lat' dir='ltr'>hen</span> <span class='ocrx_word' id='word_1_245' title='bbox 733 3650 788 3704; x_wconf 90' lang='lat' dir='ltr'>heu</span> <span class='ocrx_word' id='word_1_246' title='bbox 805 3657 828 3702; x_wconf 82' lang='lat' dir='ltr'>n</span> <span class='ocrx_word' id='word_1_247' title='bbox 842 3655 864 3700; x_wconf 84' lang='lat' dir='ltr'>v</span> <span class='ocrx_word' id='word_1_248' title='bbox 891 3651 901 3719; x_wconf 79' lang='grc' dir='ltr'>Ι</span> <span class='ocrx_word' id='word_1_249' title='bbox 928 3656 962 3705; x_wconf 87' lang='grc'>38</span> <span class='ocrx_word' id='word_1_250' title='bbox 989 3667 1045 3704; x_wconf 89' lang='lat' dir='ltr'>non</span> <span class='ocrx_word' id='word_1_251' title='bbox 1067 3649 1109 3704; x_wconf 77' lang='lat' dir='ltr'>iia</span> <span class='ocrx_word' id='word_1_252' title='bbox 1133 3650 1292 3705; x_wconf 70' lang='lat' dir='ltr'>Pomanus:</span> <span class='ocrx_word' id='word_1_253' title='bbox 1316 3643 1435 3705; x_wconf 82' lang='lat' dir='ltr'>nauilo⁰</span> 
     </span>
     <span class='ocr_line' id='line_1_32' title="bbox 305 3732 1434 3810; baseline -0.012 -16"><span class='ocrx_word' id='word_1_254' title='bbox 305 3739 381 3794; x_wconf 83' lang='lat' dir='ltr'>haud</span> <span class='ocrx_word' id='word_1_255' title='bbox 398 3739 440 3794; x_wconf 81' lang='lat' dir='ltr'>ita</span> <span class='ocrx_word' id='word_1_256' title='bbox 458 3739 592 3794; x_wconf 76' lang='lat' dir='ltr'>Heinsius</span> <span class='ocrx_word' id='word_1_257' title='bbox 604 3741 615 3810; x_wconf 84' lang='grc' dir='ltr'>ΙΙ</span> <span class='ocrx_word' id='word_1_258' title='bbox 629 3746 662 3794; x_wconf 86' lang='grc'>39</span> <span class='ocrx_word' id='word_1_259' title='bbox 680 3738 774 3809; x_wconf 69' lang='lat' dir='ltr'>patiar</span> <span class='ocrx_word' id='word_1_260' title='bbox 792 3744 850 3791; x_wconf 72' lang='grc' dir='ltr'>Η</span> <span class='ocrx_word' id='word_1_261' title='bbox 869 3740 902 3807; x_wconf 81' lang='lat' dir='ltr'>(v</span> <span class='ocrx_word' id='word_1_262' title='bbox 920 3756 954 3794; x_wconf 88' lang='lat' dir='ltr'>m.</span> <span class='ocrx_word' id='word_1_263' title='bbox 973 3741 1017 3808; x_wconf 80' lang='lat'>2):</span> <span class='ocrx_word' id='word_1_264' title='bbox 1036 3739 1130 3809; x_wconf 80' lang='lat' dir='ltr'>patior</span> <span class='ocrx_word' id='word_1_265' title='bbox 1147 3743 1205 3792; x_wconf 78' lang='lat' dir='ltr'>DV</span> <span class='ocrx_word' id='word_1_266' title='bbox 1225 3741 1235 3808; x_wconf 71' lang='grc'>1</span> <span class='ocrx_word' id='word_1_267' title='bbox 1256 3746 1290 3794; x_wconf 81' lang='grc'>41</span> <span class='ocrx_word' id='word_1_268' title='bbox 1310 3732 1434 3810; x_wconf 81' lang='lat' dir='ltr'>peperisse</span> 
     </span>
     <span class='ocr_line' id='line_1_33' title="bbox 305 3828 1434 3900; baseline -0.004 -17"><span class='ocrx_word' id='word_1_269' title='bbox 305 3831 379 3897; x_wconf 77' lang='lat' dir='ltr'>(onie</span> <span class='ocrx_word' id='word_1_270' title='bbox 396 3828 446 3882; x_wconf 78' lang='lat' dir='ltr'>hoo</span> <span class='ocrx_word' id='word_1_271' title='bbox 463 3829 514 3882; x_wconf 76' lang='lat' dir='ltr'>litt.</span> <span class='ocrx_word' id='word_1_272' title='bbox 533 3847 572 3900; x_wconf 84' lang='lat' dir='ltr'>pp</span> <span class='ocrx_word' id='word_1_273' title='bbox 591 3830 693 3896; x_wconf 82' lang='lat' dir='ltr'>deletis)</span> <span class='ocrx_word' id='word_1_274' title='bbox 710 3834 732 3880; x_wconf 68' lang='grc' dir='ltr'><strong><em>Β</em></strong></span> <span class='ocrx_word' id='word_1_275' title='bbox 750 3828 853 3898; x_wconf 85' lang='lat' dir='ltr'>perisse</span> <span class='ocrx_word' id='word_1_276' title='bbox 871 3833 895 3880; x_wconf 72' lang='lat' dir='ltr'>n</span> <span class='ocrx_word' id='word_1_277' title='bbox 913 3845 947 3882; x_wconf 81' lang='lat' dir='ltr'>m.</span> <span class='ocrx_word' id='word_1_278' title='bbox 966 3835 982 3882; x_wconf 86' lang='lat'><em>1</em></span> <span class='ocrx_word' id='word_1_279' title='bbox 1003 3829 1013 3897; x_wconf 77' lang='lat' dir='ltr'>l</span> <span class='ocrx_word' id='word_1_280' title='bbox 1031 3835 1065 3882; x_wconf 76' lang='lat'>42</span> <span class='ocrx_word' id='word_1_281' title='bbox 1084 3829 1194 3884; x_wconf 83' lang='lat' dir='ltr'>hauisse</span> <span class='ocrx_word' id='word_1_282' title='bbox 1213 3833 1235 3880; x_wconf 79' lang='lat' dir='ltr'>V</span> <span class='ocrx_word' id='word_1_283' title='bbox 1255 3832 1266 3898; x_wconf 92' lang='lat' dir='ltr'>l</span> <span class='ocrx_word' id='word_1_284' title='bbox 1288 3836 1323 3884; x_wconf 76' lang='lat'>43</span> <span class='ocrx_word' id='word_1_285' title='bbox 1339 3829 1434 3884; x_wconf 78' lang='lat' dir='ltr'>Paruuo</span> 
     </span>
     <span class='ocr_line' id='line_1_34' title="bbox 305 3913 1433 3990; baseline -0.007 -18"><span class='ocrx_word' id='word_1_286' title='bbox 305 3923 330 3972; x_wconf 70' lang='lat' dir='ltr'>n</span> <span class='ocrx_word' id='word_1_287' title='bbox 345 3917 349 3990; x_wconf 90' lang='grc' dir='ltr'>Ι</span> <span class='ocrx_word' id='word_1_288' title='bbox 365 3915 496 3972; x_wconf 70' lang='lat' dir='ltr'>tharseus</span> <span class='ocrx_word' id='word_1_289' title='bbox 514 3923 536 3970; x_wconf 77' lang='grc' dir='ltr'>Ι)</span> <span class='ocrx_word' id='word_1_290' title='bbox 558 3918 568 3985; x_wconf 75' lang='lat' dir='ltr'>l</span> <span class='ocrx_word' id='word_1_291' title='bbox 590 3920 626 3970; x_wconf 77' lang='lat'>44</span> <span class='ocrx_word' id='word_1_292' title='bbox 643 3913 747 3972; x_wconf 76' lang='lat' dir='ltr'>lillida</span> <span class='ocrx_word' id='word_1_293' title='bbox 765 3917 923 3987; x_wconf 87' lang='lat' dir='ltr'>demophon</span> <span class='ocrx_word' id='word_1_294' title='bbox 940 3923 961 3969; x_wconf 77' lang='lat' dir='ltr'>F</span> <span class='ocrx_word' id='word_1_295' title='bbox 984 3919 994 3986; x_wconf 73' lang='lat' dir='ltr'>fl</span> <span class='ocrx_word' id='word_1_296' title='bbox 1015 3921 1051 3972; x_wconf 74' lang='lat'>45</span> <span class='ocrx_word' id='word_1_297' title='bbox 1076 3916 1167 3982; x_wconf 82' lang='lat' dir='ltr'><strong>Quam</strong></span> <span class='ocrx_word' id='word_1_298' title='bbox 1185 3917 1242 3972; x_wconf 80' lang='lat' dir='ltr'>oiio</span> <span class='ocrx_word' id='word_1_299' title='bbox 1260 3919 1368 3988; x_wconf 74' lang='lat' dir='ltr'>scripsi:</span> <span class='ocrx_word' id='word_1_300' title='bbox 1385 3914 1433 3967; x_wconf 85' lang='lat' dir='ltr'>lam</span> 
     </span>
     <span class='ocr_line' id='line_1_35' title="bbox 304 3999 1433 4078; baseline -0.005 -14"><span class='ocrx_word' id='word_1_301' title='bbox 304 4007 396 4064; x_wconf 71' lang='lat' dir='ltr'>tibio</span> <span class='ocrx_word' id='word_1_302' title='bbox 425 4013 430 4078; x_wconf 81' lang='grc' dir='ltr'>Ι</span> <span class='ocrx_word' id='word_1_303' title='bbox 459 4008 543 4062; x_wconf 82' lang='lat' dir='ltr'>aeota</span> <span class='ocrx_word' id='word_1_304' title='bbox 561 4005 707 4060; x_wconf 73' lang='lat' dir='ltr'>Heinsius:</span> <span class='ocrx_word' id='word_1_305' title='bbox 730 4007 836 4060; x_wconf 78' lang='lat' dir='ltr'>noiao</span> <span class='ocrx_word' id='word_1_306' title='bbox 863 4008 874 4076; x_wconf 74' lang='lat' dir='ltr'>l</span> <span class='ocrx_word' id='word_1_307' title='bbox 900 4013 934 4062; x_wconf 81' lang='lat'>46</span> <span class='ocrx_word' id='word_1_308' title='bbox 958 4006 994 4061; x_wconf 85' lang='lat' dir='ltr'>ab</span> <span class='ocrx_word' id='word_1_309' title='bbox 1011 4006 1097 4060; x_wconf 90' lang='lat' dir='ltr'>infido</span> <span class='ocrx_word' id='word_1_310' title='bbox 1115 4013 1137 4058; x_wconf 77' lang='grc' dir='ltr'>Ι)</span> <span class='ocrx_word' id='word_1_311' title='bbox 1151 4010 1186 4060; x_wconf 78' lang='lat' dir='ltr'>V:</span> <span class='ocrx_word' id='word_1_312' title='bbox 1212 4022 1263 4061; x_wconf 84' lang='lat' dir='ltr'>om.</span> <span class='ocrx_word' id='word_1_313' title='bbox 1282 4013 1316 4076; x_wconf 77' lang='lat' dir='ltr'>F,</span> <span class='ocrx_word' id='word_1_314' title='bbox 1339 3999 1433 4060; x_wconf 70' lang='lat' dir='ltr'>seruato</span> 
     </span>
     <span class='ocr_line' id='line_1_36' title="bbox 304 4086 1431 4168; baseline -0.006 -16"><span class='ocrx_word' id='word_1_315' title='bbox 304 4098 375 4152; x_wconf 80' lang='lat' dir='ltr'>idem</span> <span class='ocrx_word' id='word_1_316' title='bbox 392 4113 444 4168; x_wconf 72' lang='lat' dir='ltr'>sup.</span> <span class='ocrx_word' id='word_1_317' title='bbox 463 4113 498 4152; x_wconf 85' lang='lat' dir='ltr'>m.</span> <span class='ocrx_word' id='word_1_318' title='bbox 517 4099 550 4166; x_wconf 82' lang='lat'>2,</span> <span class='ocrx_word' id='word_1_319' title='bbox 568 4099 593 4148; x_wconf 69' lang='lat' dir='ltr'>x</span> <span class='ocrx_word' id='word_1_320' title='bbox 611 4099 636 4150; x_wconf 79' lang='lat' dir='ltr'>et</span> <span class='ocrx_word' id='word_1_321' title='bbox 653 4098 675 4147; x_wconf 78' lang='lat' dir='ltr'>V</span> <span class='ocrx_word' id='word_1_322' title='bbox 693 4111 745 4166; x_wconf 73' lang='lat' dir='ltr'>my.</span> <span class='ocrx_word' id='word_1_323' title='bbox 764 4112 798 4149; x_wconf 88' lang='lat' dir='ltr'>m.</span> <span class='ocrx_word' id='word_1_324' title='bbox 816 4098 837 4151; x_wconf 76' lang='lat'><em>2</em></span> <span class='ocrx_word' id='word_1_325' title='bbox 861 4094 957 4150; x_wconf 80' lang='lat' dir='ltr'>lallaoi</span> <span class='ocrx_word' id='word_1_326' title='bbox 974 4101 997 4146; x_wconf 81' lang='lat' dir='ltr'>n</span> <span class='ocrx_word' id='word_1_327' title='bbox 1019 4111 1071 4164; x_wconf 71' lang='lat' dir='ltr'>my.</span> <span class='ocrx_word' id='word_1_328' title='bbox 1089 4110 1142 4163; x_wconf 81' lang='lat' dir='ltr'>pro</span> <span class='ocrx_word' id='word_1_329' title='bbox 1159 4110 1221 4148; x_wconf 73' lang='lat' dir='ltr'>aar.</span> <span class='ocrx_word' id='word_1_330' title='bbox 1241 4096 1299 4148; x_wconf 85' lang='lat' dir='ltr'>leet.</span> <span class='ocrx_word' id='word_1_331' title='bbox 1322 4096 1332 4164; x_wconf 83' lang='grc' dir='ltr'>ΙΙ</span> <span class='ocrx_word' id='word_1_332' title='bbox 1353 4097 1390 4157; x_wconf 73' lang='grc'>47,</span> <span class='ocrx_word' id='word_1_333' title='bbox 1405 4086 1431 4138; x_wconf 76' lang='grc'>48</span> 
     </span>
     <span class='ocr_line' id='line_1_37' title="bbox 303 4180 1433 4257; baseline -0.006 -17"><span class='ocrx_word' id='word_1_334' title='bbox 303 4191 364 4254; x_wconf 77' lang='lat' dir='ltr'>post</span> <span class='ocrx_word' id='word_1_335' title='bbox 388 4190 422 4240; x_wconf 69' lang='lat'>32</span> <span class='ocrx_word' id='word_1_336' title='bbox 441 4185 577 4257; x_wconf 73' lang='lat' dir='ltr'>Seoliper,</span> <span class='ocrx_word' id='word_1_337' title='bbox 596 4189 660 4254; x_wconf 76' lang='lat' dir='ltr'>post</span> <span class='ocrx_word' id='word_1_338' title='bbox 678 4189 712 4238; x_wconf 71' lang='lat' dir='ltr'>aa</span> <span class='ocrx_word' id='word_1_339' title='bbox 732 4181 814 4237; x_wconf 78' lang='lat' dir='ltr'>Oosr.</span> <span class='ocrx_word' id='word_1_340' title='bbox 832 4183 1013 4254; x_wconf 71' lang='lat' dir='ltr'>Rossberpr&#39;os</span> <span class='ocrx_word' id='word_1_341' title='bbox 1033 4184 1172 4252; x_wconf 71' lang='lat' dir='ltr'>ponebant</span> <span class='ocrx_word' id='word_1_342' title='bbox 1197 4185 1208 4252; x_wconf 70' lang='lat' dir='ltr'>l</span> <span class='ocrx_word' id='word_1_343' title='bbox 1234 4189 1269 4238; x_wconf 80' lang='lat'>49</span> <span class='ocrx_word' id='word_1_344' title='bbox 1296 4185 1325 4238; x_wconf 76' lang='lat' dir='ltr'>te</span> <span class='ocrx_word' id='word_1_345' title='bbox 1351 4180 1433 4238; x_wconf 80' lang='lat' dir='ltr'>offerre</span> 
     </span>
     <span class='ocr_line' id='line_1_38' title="bbox 306 4270 1180 4343; baseline 0 -16"><span class='ocrx_word' id='word_1_346' title='bbox 306 4273 440 4329; x_wconf 73' lang='lat' dir='ltr'>Heinsius</span> <span class='ocrx_word' id='word_1_347' title='bbox 458 4274 597 4330; x_wconf 85' lang='lat' dir='ltr'>oonfidere</span> <span class='ocrx_word' id='word_1_348' title='bbox 614 4271 702 4329; x_wconf 70' lang='lat' dir='ltr'>Ioulis</span> <span class='ocrx_word' id='word_1_349' title='bbox 720 4270 854 4330; x_wconf 73' lang='lat' dir='ltr'>Eidikius</span> <span class='ocrx_word' id='word_1_350' title='bbox 870 4274 993 4343; x_wconf 79' lang='lat' dir='ltr'>gaudere</span> <span class='ocrx_word' id='word_1_351' title='bbox 1011 4271 1180 4328; x_wconf 73' lang='lat' dir='ltr'>Seirodenes</span> 
     </span>
    </p>
   </div>
   <div class='ocr_carea' id='block_1_4' title="bbox 0 0 1539 5044">
    <p class='ocr_par' dir='ltr' id='par_1_4' title="bbox 0 0 1539 5044">
     <span class='ocr_line' id='line_1_39' title="bbox 0 0 1539 5044; baseline 0 0"><span class='ocrx_word' id='word_1_352' title='bbox 0 0 1539 5044; x_wconf 95' lang='lat' dir='ltr'> </span> 
     </span>
    </p>
   </div>
  </div>
 </body>
</html>
