3004 5068
278 279 343 335 mv
396 259 398 264 ’
669 297 674 307 ⁴
712 281 997 339 enounsonnnn.

278 464 338 526 que
360 453 390 507 Ι)
414 447 447 507 εὴ
467 454 495 508 1¹
518 444 552 508 in
581 445 690 529 aliqua
714 445 874 528 scriptura
897 446 1078 512 consentire
1102 446 1262 526 uidemus,
1284 447 1376 512 hanc
1399 449 1430 509 et

275 550 440 634 archetypi
462 549 562 616 fuisse
584 554 656 617 tuto
680 551 756 617 licet
779 555 930 618 statuere.

363 656 537 742 Hucusque
560 658 685 743 egimus
705 658 744 722 de
763 659 808 723 eis
833 660 912 726 locis
933 659 1050 743 quibus
1068 663 1203 744 propter
1221 659 1428 725 familiarum

274 762 457 828 dissensum
484 763 562 849 quid
590 773 617 829 0
645 765 797 830 habuerit
825 765 1044 831 concludendo
1076 766 1192 831 debeat
1221 768 1298 831 erui.
1341 787 1428 829 nunc

274 869 394 953 ipseo
423 891 496 935 cum
523 871 586 936 hoc
614 871 710 937 modo
737 855 817 936 tum'
835 894 913 938 uero
942 895 981 937 ex
1009 873 1176 957 utriusque
1206 873 1321 938 classis
1354 893 1428 936 oon-

275 998 370 1042 sensu
402 977 583 1042 indubitate
613 978 783 1043 restitutus
816 979 1083 1063 contemplandus
1113 983 1171 1046 est
1212 1001 1287 1044 cum
1314 982 1428 1044 autem

276 1087 371 1149 antea
398 1084 490 1149 libris
519 1085 724 1169 interpolatis
748 1086 799 1152 usi
826 1107 893 1151 non
920 1086 1086 1171 potuerint
1113 1089 1217 1150 totam
1246 1087 1316 1151 eius
1351 1107 1426 1150 con-

276 1189 435 1256 dicionem
460 1212 534 1255 uere
554 1192 743 1276 perspicere,
761 1214 847 1257 nunc
861 1192 989 1257 demum
1004 1214 1042 1258 ea
1060 1193 1230 1258 manifeste
1250 1193 1293 1257 ob
1313 1192 1427 1259 oculos

273 1300 401 1362 nostros
425 1301 475 1362 est
497 1298 612 1381 posita.
653 1302 686 1362 et
709 1320 806 1384 quarn
825 1300 942 1383 multa,
970 1321 1051 1385 quae
1076 1299 1180 1364 adhuc
1202 1321 1262 1384 pro
1286 1299 1426 1382 Proper-

272 1403 371 1469 tianis
397 1404 583 1489 habuimus,
616 1405 681 1470 iam
709 1409 928 1470 correctorum
956 1428 1025 1471 esse
1058 1409 1242 1472 commenta
1274 1404 1425 1492 agnosei-

273 1511 357 1575 mus!
391 1516 470 1595 quot
493 1510 573 1576 locis
596 1512 685 1594 prius
704 1512 882 1596 desperatis
901 1534 987 1578 nunc
1006 1512 1159 1578 detractis
1178 1511 1339 1578 Italorum
1361 1533 1424 1575 em-

272 1618 404 1701 plastris
436 1617 594 1700 nudisque
626 1619 814 1684 uulneribus
848 1621 978 1684 retectis
1010 1642 1096 1686 noua
1129 1619 1276 1685 adhiberi
1310 1620 1423 1703 potest

273 1724 427 1789 medella!
468 1725 517 1789 illi
546 1725 631 1791 enim
659 1729 812 1811 corrupta
840 1730 990 1810 rectaque
1018 1747 1179 1811 peraeque
1210 1728 1426 1791 attrectantes

275 1831 353 1896 duce
377 1836 445 1897 arte
469 1831 600 1897 modum
623 1833 658 1896 in
680 1833 837 1897 mutando
864 1836 975 1897 tenere
998 1833 1194 1899 nesciebant
1233 1856 1331 1898 unam
1355 1855 1423 1898 rem

272 1961 310 2004 ex
334 1939 444 2004 multis
473 1961 629 2022 promam.
671 1938 781 2003 Ouidii
803 1939 945 2004 numeris
973 1939 1176 2006 mollioribus
1204 1940 1334 2005 adsueti
1357 1961 1425 2004 non

271 2045 457 2111 tolerabant
479 2046 563 2132 Itali,
587 2045 744 2132 siquando
767 2049 865 2129 poeta
888 2067 978 2111 more
1003 2046 1140 2112 aliorum
1166 2046 1219 2127 [of.
1238 2045 1421 2113 Meinekius

270 2153 370 2237 praef.
393 2153 434 2218 ad
467 2153 545 2219 Hor.
572 2177 603 2239 p.
627 2155 670 2219 23
702 2157 735 2218 et
766 2152 801 2218 L.
824 2152 997 2218 Muellerus
1031 2153 1071 2218 de
1103 2175 1138 2218 re
1170 2156 1262 2218 metr.
1284 2177 1318 2238 p.
1342 2154 1422 2233 210]

271 2261 450 2328 masculum
477 2261 625 2327 uersibus
654 2261 800 2345 uigorem
829 2260 949 2326 addens
978 2264 1129 2345 quartum
1156 2260 1339 2326 hexametri
1369 2283 1422 2346 pe·

271 2367 344 2432 dem
367 2391 405 2434 ex
428 2390 506 2433 uoce
531 2367 705 2451 spondiaca
727 2368 831 2432 uoluit
855 2372 1018 2451 constare3
1046 2367 1149 2432 ueluti
1172 2366 1188 2431 I
1211 2368 1245 2450 9,
1269 2369 1311 2433 31
1339 2368 1421 2432 ‘illis

270 2477 303 2538 et
327 2474 432 2539 silices
447 2477 479 2538 et
502 2478 640 2558 possunt
661 2474 771 2539 cedere
790 2472 939 2558 quercus'
958 2475 1193 2540 correctoribus
1217 2472 1372 2558 ‘possunt
1391 2478 1423 2537 et

270 2580 398 2646 cedere'
430 2584 464 2646 et
490 2580 539 2646 ΠΙ
569 2584 601 2666 1,
627 2582 667 2645 19
697 2579 837 2666 ‘mollia,
865 2579 1053 2667 Pegasides,
1087 2580 1161 2645 date
1193 2584 1303 2646 uestro
1332 2585 1421 2648 serta

269 2687 402 2774 poetae'
432 2688 465 2753 id
493 2687 577 2772 quod
606 2690 656 2752 est
684 2687 809 2755 ‘uestro
844 2686 935 2753 date'
964 2688 1095 2752 suauius
1126 2687 1278 2771 sonabat3
1311 2692 1346 2753 et
1375 2689 1421 2752 ita

270 2795 350 2860 alibi
366 2816 501 2879 quoque.
534 2794 615 2859 haec
639 2794 767 2878 aliaque
791 2795 893 2859 multa
913 2797 1033 2858 temere
1053 2795 1094 2859 ab
1113 2794 1178 2858 illis
1198 2795 1364 2860 inmutata
1387 2796 1421 2858 in

268 2905 393 2966 textum
416 2901 601 2985 reponendo
624 2905 661 2967 ut
684 2924 742 2966 sua
765 2901 934 2986 Propertio
958 2900 1090 2965 reddere
1114 2901 1205 2985 licet,
1233 2903 1280 2966 ita
1303 2903 1419 2986 pleris-

269 3029 330 3093 que
353 3009 432 3073 locis
456 3008 632 3091 desperatis
655 3029 767 3074 ueram
791 3007 915 3072 adferre
938 3009 1084 3092 salutem,
1108 3009 1236 3093 quando
1260 3009 1326 3074 iam
1352 3031 1419 3074 non

268 3114 439 3179 fallacibus
467 3114 632 3199 figmentis
659 3135 718 3197 pro
747 3114 876 3179 criticae
905 3113 1099 3178 exercendae
1126 3113 1340 3179 fundamento
1370 3113 1419 3178 uti

209 3249 210 3253 ¹
267 3220 430 3286 debemus.

356 3327 405 3392 De
428 3331 535 3393 aetate
558 3328 635 3393 libri
648 3338 675 3394 0
699 3331 823 3393 certum
847 3327 968 3412 aliquid
985 3328 1187 3412 pronuntiari
1199 3328 1314 3412 nequit
1331 3326 1417 3416 (sae-

267 3435 339 3499 culo
371 3434 437 3499 fere
464 3434 495 3499 X
523 3435 682 3519 scriptura
715 3457 812 3518 quam
847 3437 968 3499 uocant
993 3433 1225 3518 langobardica
1261 3457 1333 3499 eum
1363 3458 1415 3500 ex·
1475 3505 1476 3534 ,

266 3547 392 3607 aratum
421 3565 491 3608 esse
515 3564 588 3608 mea
615 3545 665 3606 est
694 3540 832 3625 suspitio
856 3537 983 3627 dubia),
1011 3541 1162 3625 deestque
1190 3541 1289 3606 etiam
1312 3542 1414 3624 filum,

266 3671 329 3732 quo
364 3649 442 3714 duce
473 3648 644 3713 historiam
676 3651 784 3712 textus
817 3646 1022 3731 Propertiani
1054 3648 1141 3712 ultra
1174 3669 1416 3733 persequamur.
1475 3619 1476 3688 l

267 3755 314 3824 sic
338 3755 433 3819 certis
456 3755 581 3819 indiciis
603 3754 824 3819 deficientibus
848 3754 1008 3840 agendum
1032 3757 1082 3819 est
1103 3754 1284 3819 rationibus
1308 3756 1414 3842 magis

267 3862 500 3927 communibus.
523 3883 599 3925 nam
620 3861 699 3925 utile
718 3883 795 3925 sane
815 3860 895 3925 duco
910 3860 1117 3946 Propertium
1136 3861 1171 3925 in
1189 3860 1413 3947 integritatem

265 3970 478 4053 restituturis,
505 3968 709 4033 saeculorum
737 3978 764 4034 0
792 3967 1054 4052 praecedentium
1080 3967 1199 4034 habere
1230 3973 1412 4052 respectum

265 4079 427 4161 probeque
441 4075 606 4142 reminisci
619 4075 728 4140 uarias
742 4074 990 4159 uicissitudines,
1000 4074 1116 4158 quibus
1130 4077 1276 4138 ueterum
1291 4075 1413 4160 scripta

264 4185 339 4248 inde
364 4184 404 4248 ab
428 4182 661 4268 antiquissimis
684 4181 886 4264 temporibus
907 4185 1000 4246 erant
1018 4180 1167 4247 obnoxia.
1203 4185 1411 4264 nequeenim

264 4291 375 4376 unius,
398 4291 454 4356 sed
482 4288 659 4354 multorum
682 4287 890 4353 librariorum
914 4288 1030 4354 erratis
1059 4286 1198 4351 inmanis
1222 4286 1281 4351 illa
1305 4289 1409 4372 qualis

264 4398 298 4462 in
321 4407 348 4463 0
376 4396 575 4481 conspicitur
602 4395 790 4480 deprauatio
818 4390 948 4461 tandem
977 4394 1091 4459 effecta
1118 4398 1175 4458 est.
1217 4397 1249 4458 ct
1276 4394 1338 4460 hos
1366 4396 1408 4460 di-
