3004 5068
267 293 384 349 XXXVI
700 293 984 348 PROLEGOMENA.

267 458 389 542 tiones,
420 481 500 543 quas
534 457 680 542 equidem
712 458 765 522 hic
796 459 937 543 inspexi,
970 455 1092 521 ‘amor'
1120 454 1300 541 praebent).
1332 477 1415 518 nam

268 563 400 630 ‘uacuus
420 564 522 631 amor’
542 566 614 650 quis
634 566 686 649 sit,
706 587 766 650 ego
786 570 872 631 certe
891 566 948 650 qui
961 585 1077 649 sperno
1093 562 1230 628 artificia
1242 563 1356 647 ignoro
1365 560 1416 648 *);

269 671 425 736 Amorem
443 672 532 737 nullo
551 676 696 756 tempore
715 695 853 737 uacuum
873 693 1013 756 agnosco
1030 669 1232 755 Cupidinem,
1250 671 1304 754 qui
1320 692 1416 733 num·

268 801 366 862 quam
395 780 517 846 otiosus
546 779 743 863 auolansque
777 780 931 844 miserum
961 781 1139 843 amatorem
1169 790 1296 862 semper
1325 779 1418 840 tenet

268 890 456 970 urgnctque.
493 907 568 950 nam
591 885 625 950 id
649 887 734 970 quod
757 890 808 951 est
831 886 938 950 ‘nullo
961 885 1124 971 tempore’
1155 909 1215 950 usu
1245 888 1417 969 poetarum

268 1014 335 1057 non
362 993 408 1057 ita
435 1015 509 1057 raro
533 994 654 1076 pariter
678 1015 751 1057 cum
779 992 932 1059 ‘uacuus’
961 995 994 1058 et
1022 991 1131 1057 ‘defit’
1156 991 1418 1076 coniungendum

272 1097 327 1185 (cf.
352 1123 398 1164 ex.
419 1121 465 1186 gr.
488 1099 505 1162 I
531 1097 580 1184 1‘6,
603 1100 670 1186 25).

359 1205 507 1272 Studium
526 1207 606 1271 illud
625 1207 837 1273 consemandi
857 1229 954 1292 quam
974 1207 1113 1271 maxime
1132 1207 1280 1272 codicum
1299 1207 1419 1291 apiceS,

268 1313 353 1396 quod
376 1317 412 1377 ut
435 1313 513 1377 olim
536 1314 584 1378 ita
606 1315 702 1380 hodie
727 1315 811 1400 apud
835 1316 955 1379 multos
978 1315 1154 1398 plurimum
1176 1316 1280 1398 ualet,
1303 1335 1419 1379 uereor
1488 1311 1489 1314 ’

269 1441 310 1483 11
334 1441 563 1506 saepenumero
586 1421 737 1486 iniuriam
760 1421 859 1486 faciat
883 1425 915 1486 et
934 1423 1064 1506 egregio
1088 1425 1203 1506 poetae
1223 1424 1256 1484 ct
1275 1421 1420 1504 superio-

269 1548 341 1590 rum
364 1526 604 1612 philologcrum
628 1528 726 1613 curis3
750 1529 869 1613 quippe
893 1530 989 1614 qnod,
1020 1529 1084 1592 nisi
1112 1528 1197 1592 intra
1226 1529 1306 1592 fines
1333 1527 1418 1612 legi-

268 1634 366 1698 timos
379 1634 594 1719 coherceatur,
612 1635 721 1719 potius
732 1637 867 1700 inertiae
882 1637 1095 1720 ignauiaeque
1110 1635 1306 1720 praesidium
1321 1656 1419 1718 quam

274 1743 387 1805 contra
410 1743 581 1806 temeraria
598 1743 814 1826 temptamina
831 1743 1113 1828 propugnaculum
1133 1744 1183 1808 sit
1215 1743 1291 1807 hinc
1311 1746 1422 1806 autem

270 1848 392 1912 factum
417 1852 467 1912 est
489 1852 525 1913 ut
548 1849 633 1914 iusto
654 1851 781 1934 saepius
800 1872 885 1915 nunc
903 1851 1108 1934 uilipendant
1126 1853 1223 1935 atque
1242 1849 1322 1914 adeo
1343 1871 1419 1914 con-

269 1957 418 2019 temnant
449 1955 535 2020 bona
567 1957 712 2039 priorum
745 1957 930 2021 criticorum
962 1957 1111 2041 inuenta,
1143 1979 1281 2041 quorum
1316 1956 1422 2020 multa

273 2063 422 2147 neglecta
453 2062 560 2126 iacent
588 2065 683 2145 atque
712 2062 830 2126 abdita.
872 2063 1033 2148 equidem,
1065 2063 1120 2147 qui
1153 2062 1291 2127 aliorum
1323 2061 1421 2126 rectis

271 2170 460 2235 commentis
480 2172 547 2233 tam
567 2169 671 2232 laetor
690 2189 786 2252 quam
805 2169 884 2232 meis
904 2168 1019 2253 ipsine,
1036 2169 1083 2232 nil
1101 2169 1191 2252 prius
1210 2171 1320 2253 nilque
1336 2169 1422 2234 anti-

270 2278 364 2362 quius
389 2277 489 2342 habui
514 2298 611 2359 quam
630 2279 666 2339 ut
685 2275 793 2340 debito
813 2275 978 2340 redderem
996 2275 1113 2340 honori
1133 2298 1272 2361 eaquae
1295 2276 1419 2340 honore

272 2387 347 2448 sunt
375 2384 481 2468 digna.
522 2405 589 2447 non
620 2385 784 2446 merentur
809 2381 920 2467 ,hercle
948 2385 1102 2466 nepotum
1132 2382 1254 2448 fastum
1286 2382 1351 2447 uiri
1385 2381 1421 2464 ei,

271 2512 408 2574 quorum
439 2511 538 2572 opera
566 2490 714 2553 effectum
744 2492 793 2553 est
820 2493 856 2552 ut
883 2489 979 2554 hodie
1003 2491 1138 2554 certiore
1161 2490 1301 2574 ingressi
1324 2491 1380 2554 uia
1404 2510 1422 2550 a

272 2596 385 2660 multis
410 2596 572 2661 erroribus
596 2597 758 2681 possimus
788 2618 909 2661 cauere.
946 2598 1056 2680 itaque
1081 2596 1240 2661 succincte
1264 2619 1351 2661 nunc
1375 2596 1420 2658 in-

272 2704 401 2788 dicabo,
431 2726 567 2787 quorum
596 2703 763 2768 doctorum
787 2703 907 2787 scripta
930 2706 963 2768 et
985 2701 1168 2786 profuerint
1191 2702 1364 2787 Propertio
1389 2703 1421 2764 et

272 2811 353 2873 mihi
376 2811 462 2875 hanc
484 2832 603 2875 nouam
627 2810 802 2875 editionem
826 2810 1027 2894 comparanti
1051 2809 1223 2874 adfuerint.
1358 2817 1362 2824 '

362 2917 468 3002 igitur
504 2917 713 2982 emaculando
746 2918 849 2982 textui
882 2939 1013 3001 operam
1049 2918 1215 2982 nauabant
1247 2922 1323 3002 post
1357 2938 1423 2982 cor·

274 3027 415 3089 rectores
444 3024 545 3089 Italos
574 3029 607 3089 et
637 3026 775 3091 editores
803 3025 978 3109 principes,
1007 3026 1090 3089 inter
1118 3048 1198 3109 quos
1227 3025 1421 3090 Auantius

271 3136 304 3196 et
331 3131 546 3195 Beroaldus
577 3136 609 3196 et
633 3132 798 3198 Volscus
827 3132 984 3216 eminent,
1013 3132 1151 3196 maxime
1174 3131 1208 3194 hi
1236 3132 1312 3196 uiri:
1343 3131 1421 3195 Mu-

271 3242 392 3322 retus,
425 3238 523 3302 Guil.
557 3236 762 3320 Oanterus,
794 3238 819 3304 Ι.
846 3238 871 3304 Ι.
901 3237 1091 3324 Scaliger,
1123 3238 1289 3323 Dousae,
1327 3239 1420 3302 Tur-

270 3346 405 3428 nebuS,
423 3343 643 3430 Fruterius,
666 3345 897 3428 Palmerius,
921 3344 1135 3428 Liuineius,
1158 3343 1419 3426 Passeratius,

271 3452 443 3537 Lipsius,
475 3452 510 3516 P.
541 3449 743 3538 Francius,
781 3453 970 3538 Guyetns,
1007 3449 1193 3537 Nicolsaus
1222 3453 1420 3531 HeinsiUS,

271 3559 476 3641 Graeuius,
499 3557 686 3624 Ieremias
710 3559 975 3642 MarklanduS,
998 3558 1266 3624 Broulrhusius
1291 3561 1420 3643 aliique,

271 3688 329 3751 pro
354 3687 412 3730 suo
437 3665 572 3748 quisque
595 3667 726 3750 ingenio
752 3667 901 3751 symbola
925 3667 1112 3730 exhibentes
1136 3667 1298 3731 uberrima
1317 3666 1420 3731 utilis·

272 3773 432 3855 simaque,
462 3794 598 3856 quorum
621 3774 766 3838 omnium
791 3772 899 3838 studia
921 3773 1090 3838 commode
1114 3759 1256 3857 conlegit
1278 3793 1419 3857 compre-

347 3983 373 4053 *)
393 3983 483 4038 altero
502 4001 614 4053 quoque
632 3986 694 4040 loco
713 3986 783 4040 haec
802 4003 857 4041 uox
881 3985 994 4041 offucias
1017 3985 1087 4040 lecit
1109 3985 1318 4054 interpretibus.
1355 4000 1418 4040 nam

278 4073 373 4130 ‘uacui
393 4072 497 4141 ocelli',
517 4091 586 4142 quos
605 4075 692 4129 habes
708 4075 719 4127 I
735 4081 759 4142 9,
775 4080 808 4128 27
823 4074 852 4128 in
871 4074 960 4142 codd„
979 4091 1063 4142 quam
1083 4075 1158 4128 recte
1178 4073 1306 4129 dicantur
1323 4074 1419 4129 itidem

277 4163 382 4220 nescio.
418 4179 509 4231 neque
535 4162 624 4232 enim,
648 4163 714 4232 quia
738 4164 749 4215 1
774 4169 821 4231 10,
845 4169 880 4216 30
903 4167 969 4231 (quo
992 4179 1043 4216 nos
1066 4163 1204 4233 relegant)
1227 4163 1297 4218 bene
1320 4162 1420 4234 legitur

274 4252 408 4308 ‘uacuum
426 4253 536 4322 pectus'
565 4252 634 4322 (scil.
654 4253 689 4307 ab
709 4255 828 4320 amore),
854 4251 917 4307 ideo
942 4254 1027 4306 etiam
1048 4253 1173 4308 ‘uacuos'
1195 4253 1336 4323 appellare
1355 4248 1420 4304 licet

272 4342 378 4410 oculos,
402 4359 452 4411 per
470 4359 540 4410 quos
561 4341 717 4411 concipitur
741 4341 854 4408 quidem
872 4340 946 4410 ignis
964 4342 1030 4395 inde
1049 4341 1078 4394 in
1101 4343 1199 4410 pectus
1218 4357 1345 4410 manans,
1371 4336 1417 4392 sed

274 4429 322 4497 qui
341 4429 456 4484 minime
475 4431 539 4484 sunt
557 4431 636 4484 sedes
655 4430 765 4484 amoris.
