3004 5068
282 343 360 398 XXX
716 342 1002 400 PROLEGOMENA.

373 505 441 570 Aut
463 505 573 590 spatia
595 526 751 570 annorum
775 509 832 571 aut
854 507 955 592 longa
978 505 1151 570 interualla
1173 506 1328 590 profundi

417 610 581 677 Lenibunt
603 613 705 678 tacito
728 614 864 678 uulnera
886 616 1002 678 nostra
1026 613 1106 678 sinu

282 741 385 804 praua
408 723 459 784 est
482 720 541 785 illa
564 719 731 786 distinctio
753 742 812 805 per
835 720 904 786 ‘aut
919 758 962 767 -
977 719 1044 786 aut’
1064 720 1160 804 facta,
1186 721 1303 806 quippe
1323 741 1401 804 qua
1422 719 1452 783 is

283 828 338 909 qui
367 827 529 911 quomodo
558 824 682 912 (utrum
709 831 857 911 ternpore
880 827 978 912 longo
1002 849 1043 890 an
1066 824 1195 912 itinere)
1227 826 1376 892 salntem
1404 826 1455 890 sit

281 937 469 1017 recepturus
492 933 640 1018 ambigat
664 934 867 1018 designetur,
890 955 962 998 curn
985 934 1096 998 tamen
1118 936 1224 998 certus
1249 935 1293 998 sit
1314 934 1353 996 in
1381 932 1452 996 hoo

283 1040 426 1104 carmine
440 1042 548 1123 poeta,
567 1039 722 1124 quidquid
736 1043 837 1105 restet
859 1039 956 1125 uitae,
974 1040 1009 1103 in
1024 1038 1160 1104 Graecia
1174 1039 1289 1105 dedere
1305 1039 1449 1104 studiis.

281 1146 393 1231 itaque
423 1145 478 1229 qui
509 1145 653 1228 sperauit
683 1146 780 1211 simul
808 1150 946 1231 utroque
974 1147 1109 1212 uulnera
1139 1169 1198 1212 sua
1221 1147 1364 1211 lenitum
1392 1145 1449 1227 iri,

282 1254 429 1318 scribere
462 1251 573 1316 debuit
608 1250 648 1315 ‘et
680 1253 785 1336 spatia
817 1275 844 1316 a.
872 1256 901 1317 et
928 1252 1029 1337 longa
1061 1253 1081 1316 i.
1109 1252 1159 1338 p.'.
1208 1254 1264 1318 sed
1293 1273 1372 1317 cum
1409 1251 1447 1314 in

282 1382 336 1423 uu.
366 1358 507 1423 25—30
538 1357 659 1423 totiens
690 1359 771 1423 illud
803 1357 891 1424 ‘aut’
923 1358 1063 1443 legatur,
1093 1360 1155 1425 hoc
1187 1359 1362 1426 librarium
1401 1357 1446 1421 ad

283 1464 352 1531 ‘aut
374 1503 410 1512 -
434 1463 501 1530 aut'
524 1464 744 1547 reponendum
767 1465 904 1548 indpxit.
929 1502 967 1511 -
993 1464 1009 1529 Ι
1033 1466 1063 1551 9,
1087 1467 1127 1531 31
1140 1488 1201 1550 sq.:

371 1573 443 1638 Illis
467 1575 500 1636 et
522 1571 629 1637 silices
653 1576 686 1636 et
708 1552 846 1657 possunt
868 1570 979 1636 cedere
1002 1595 1153 1659 quercus3

415 1677 543 1744 Nedum
567 1683 604 1744 tu
626 1679 741 1763 possis,
767 1678 900 1763 spiritus
923 1678 977 1742 ille
1001 1678 1092 1746 leuis.

284 1785 463 1851 ‘blanditiis
494 1785 667 1851 durissima
700 1806 845 1870 quaeque
875 1769 1065 1869 uincuntur,
1096 1790 1219 1870 quanto
1251 1786 1358 1851 minus
1392 1789 1443 1867 tu,

282 1893 381 1958 homo
403 1891 576 1974 lenissime,
599 1891 766 1958 uinceris'.
802 1892 865 1956 hoc
888 1913 953 1957 uno
976 1892 1073 1957 modo
1096 1913 1170 1956 cum
1192 1896 1440 1977 pentametrum

286 2021 446 2082 exponere
469 1999 566 2064 liceat
588 2002 625 2063 ut
649 1999 689 2063 ad
709 1997 838 2082 ‘possis'
858 1999 1065 2083 suppleamus
1085 1997 1231 2084 ‘oedere’,
1252 1998 1440 2084 peruersis-

283 2106 366 2172 sima
387 2107 532 2171 nascitur
556 2106 729 2190 sententia3
756 2105 938 2170 necessario
964 2104 1100 2190 ‘quanto
1124 2104 1247 2191 magis'
1272 2104 1437 2170 desidera·

285 2237 366 2278 mus.
399 2209 525 2278 'uanum
554 2213 641 2278 enim
670 2216 769 2297 atque
798 2233 925 2277 cassum
949 2215 999 2276 est
1022 2212 1195 2277 artificium
1218 2213 1435 2296 interpretum

282 2319 455 2387 ‘resistere'
470 2320 522 2385 uel
538 2320 659 2384 similia
674 2320 1009 2403 subintellegentium3
1033 2319 1119 2403 quod
1138 2342 1201 2405 quo
1220 2320 1290 2384 iure
1308 2318 1435 2384 faciant

283 2427 346 2512 ipsi
374 2427 523 2492 uiderint.
563 2448 624 2492 nos
647 2429 761 2492 nostra
791 2427 841 2492 usi
871 2426 1097 2492 obseruatione
1128 2425 1268 2511 ‘possis'
1298 2428 1433 2510 propter
1499 2459 1500 2472 ι

282 2534 472 2599 damnosam
495 2535 584 2599 uocis
609 2532 778 2619 ‘possunt'
802 2533 954 2598 uiciniam
984 2555 1023 2597 ex
1053 2532 1129 2617 ‘par
1152 2531 1214 2598 sis'
1243 2536 1433 2616 corruptum
1499 2591 1500 2610 ¹

282 2644 445 2724 putamus.
471 2677 507 2687 -
534 2639 567 2704 II
593 2642 643 2726 13,
667 2641 804 2725 39sq.:¹

372 2747 422 2812 Tu
446 2769 573 2832 quoque
597 2747 625 2811 si
650 2747 779 2831 quando
803 2748 913 2813 uenies
936 2748 977 2811 ad
1000 2746 1080 2831 fata,
1103 2750 1275 2831 memento,

416 2852 488 2919 Hoc
510 2855 572 2919 iter
596 2854 638 2919 ad
661 2854 787 2938 lapides
811 2876 892 2919 cana
915 2853 991 2918 ueni
1013 2875 1182 2919 memores.

282 2961 356 3045 plus
385 2982 449 3025 uno
477 2961 559 3027 uitio
587 2983 699 3027 uersus
728 2961 833 3027 minor
862 2962 1000 3026 laborat.
1041 2964 1075 3025 et
1103 2957 1210 3025 ‘ueni'
1238 2958 1366 3043 quidem
1394 2957 1429 3020 ut

283 3089 340 3150 per
369 3089 402 3131 se
430 3067 577 3151 ineptum
595 3069 733 3160 uidetur
762 3066 852 3154 (nam
876 3069 966 3134 uenit
988 3068 1030 3132 ad
1058 3067 1182 3151 lapides
1206 3067 1234 3131 is
1258 3065 1312 3149 qui
1334 3063 1427 3128 uiuus

283 3177 483 3257 uegetusque
517 3197 555 3239 eo
586 3174 706 3260 derigit
738 3194 884 3260 gressus,
916 3197 983 3240 non
1013 3175 1069 3259 qui
1103 3176 1250 3238 mortuus
1283 3172 1324 3237 ad
1354 3171 1425 3236 illos

282 3278 455 3366 portatur),
478 3281 526 3346 ita
547 3281 621 3346 inde
641 3281 726 3366 quod
744 3281 894 3346 ueniendi
912 3281 1108 3346 uocabulum
1125 3280 1218 3345 nulla
1236 3280 1425 3345 conciliante

282 3386 316 3450 ui
338 3386 500 3452 rhetorica
522 3387 680 3472 repetitur
704 3392 889 3472 suspectum
912 3389 958 3453 fit.
994 3409 1098 3472 neque
1120 3387 1228 3470 placet
1246 3387 1314 3452 ullo
1333 3388 1424 3472 pacto

282 3514 346 3558 uox
370 3491 481 3578 ‘cana'‚
505 3496 581 3561 licet
610 3496 738 3560 nauiter
761 3518 833 3560 eam
856 3495 1008 3561 defendat
1030 3493 1266 3559 Lachmannus.
1311 3495 1346 3558 in
1368 3495 1424 3558 hac

283 3600 369 3664 enirn
393 3602 555 3666 sententia
579 3601 627 3666 ‘tu
650 3624 777 3687 quoque
801 3606 905 3670 morte
929 3600 1208 3688 appropinquante
1232 3597 1279 3686 (et
1303 3602 1422 3666 utinam

281 3707 352 3770 uoti
376 3707 440 3770 mei
466 3706 510 3771 sis
534 3707 673 3794 mernor)
697 3709 772 3773 iube
795 3717 832 3774 ut
855 3709 1040 3794 grandaeua
1062 3707 1151 3772 facta
1174 3707 1215 3771 ad
1236 3707 1298 3772 hoc
1321 3727 1422 3773 meum

282 3812 464 3895 sepulerum
484 3813 642 3899 efferaris,
666 3837 729 3899 quo
748 3815 872 3880 cineres
891 3815 998 3881 nostri
1016 3813 1225 3880 misceantur'
1245 3836 1344 3899 quam
1362 3818 1421 3880 lan·

281 3919 415 4003 gnidum
439 3924 537 4005 atque
562 3922 760 4006 superfluum
784 3923 827 3987 sit
849 3922 930 3987 illud
954 3920 1151 4007 ‘grandaeua
1173 3921 1283 4006 factal,
1309 3923 1421 3988 sentiat

282 4029 413 4110 oportet
435 4029 490 4112 qui
519 4030 700 4115 elegantiae
729 4051 824 4094 sensu
852 4052 917 4095 non
941 4032 1036 4095 caret.
1080 4049 1156 4094 nam
1179 4027 1420 4116 Hertzbergium

283 4155 455 4198 neruosam
484 4136 679 4201 breuitatem
711 4137 745 4202 in
777 4157 855 4201 uoce
886 4134 999 4201 ‘cana'
1023 4133 1080 4222 (=
1101 4139 1134 4200 et
1163 4134 1289 4200 utinam
1318 4135 1420 4201 diuin

281 4240 367 4305 uiuis
386 4242 430 4306 sis
451 4263 510 4309 nee
527 4243 591 4308 nisi
612 4265 693 4309 anus
709 4243 749 4308 ad
766 4243 914 4326 sepulcra
928 4241 1054 4330 uenias)
1071 4245 1301 4328 agnoscentem
1314 4246 1418 4309 nostro

284 4347 364 4432 iure,
386 4353 476 4435 puto,
499 4350 670 4416 mittimus.
707 4350 755 4414 nil
774 4353 882 4415 autern
901 4350 1045 4437 pulcrius
1069 4349 1241 4435 ueriusque
1262 4351 1418 4416 lenissima

281 4453 408 4520 Heinsii
431 4458 612 4523 mutatione
637 4455 759 4544 ‘cara'3
788 4457 834 4521 sic
862 4459 980 4542 quippe
1008 4479 1046 4521 ex
1074 4478 1184 4523 amore
1213 4479 1271 4522 suo
1295 4462 1416 4523 aeterno
