3052 5044
309 331 373 395 112
681 331 877 390 PROPERTII
895 332 963 392 LlB.
982 333 1031 389 111.
1051 339 1075 392 5.

350 511 385 560 25
396 496 479 560 Tum
503 495 582 560 mibi
604 499 738 561 naturae
761 496 862 561 libeat
884 496 1065 582 perdiscere
1089 520 1206 582 mores,

441 603 520 680 Quis
543 602 621 668 deus
645 603 730 668 hanc
752 603 864 668 mundi
886 607 1046 687 temperet
1069 607 1138 668 arte
1162 604 1306 688 domum,

396 710 465 786 Qua
488 711 578 775 uenit
600 711 759 795 exoriens,
783 732 847 795 qua
870 711 993 795 deficit,
1015 711 1099 775 unde
1123 711 1242 775 coactis

437 816 600 882 Cornibus
622 818 657 882 in
680 817 812 901 plenum
837 821 1003 882 menstrua
1026 818 1104 882 luna
1127 816 1225 901 redit,

395 922 487 988 Unde
511 925 580 990 salo
604 929 760 1010 superant
782 924 885 1011 uenti,
909 924 985 1010 quid
1008 925 1137 989 flamine
1161 927 1270 1008 captet

350 1046 385 1095 30
438 1030 560 1115 Eurus,
582 1036 615 1096 et
637 1032 671 1095 in
695 1032 796 1097 nubes
819 1031 904 1096 unde
927 1031 1088 1115 peremnis
1112 1053 1209 1116 aqua,

396 1133 446 1201 Sit
467 1142 606 1204 uentura
623 1139 710 1222 dies,
733 1138 845 1204 mundi
868 1160 949 1223 quse
974 1140 1109 1204 subruat
1131 1159 1250 1223 arcem,

438 1242 623 1330 Purpureus
647 1245 774 1329 pluuias
798 1267 856 1311 cur
879 1245 962 1311 bibit
985 1267 1077 1310 arcus
1102 1266 1216 1330 equas,

394 1350 462 1414 Aut
485 1373 542 1416 our
564 1351 739 1417 Perrhaebi
760 1356 920 1418 tremuere
944 1353 1112 1418 cacumina
1133 1351 1241 1436 Pindi,

441 1454 527 1522 Solis
552 1461 585 1522 et
608 1458 724 1523 atratis
748 1458 867 1523 luxerit
889 1458 977 1524 orbis
1001 1460 1105 1544 equis,

351 1577 384 1627 35
397 1560 462 1628 Cur
486 1585 576 1629 serus
600 1586 730 1629 uersare
752 1565 854 1629 boues
879 1568 912 1629 ct
934 1566 1083 1649 plaustra
1105 1565 1239 1650 Bootes,

438 1671 603 1736 Pleiadum
628 1672 734 1755 spisso
759 1693 814 1736 cur
836 1671 902 1736 coit
925 1672 1000 1756 igne
1024 1671 1154 1758 chorus,
1232 1731 1234 1735 .

397 1777 502 1844 Curuo
527 1801 602 1846 suos
624 1779 703 1872 fines
728 1779 830 1843 altum
853 1801 919 1844 non
942 1782 1037 1844 exeat
1059 1801 1191 1864 aequor,

438 1884 558 1950 Plenus
582 1889 616 1950 et
638 1887 673 1951 in
695 1889 804 1970 partes
828 1888 982 1970 quattuor
1006 1907 1108 1951 annus
1132 1890 1197 1966 eat,
1281 1909 1285 1918 ·

395 1990 460 2057 Sub
485 1992 580 2058 terris
605 1993 670 2058 sint
691 1993 764 2058 iura
787 1993 881 2057 deum
905 1996 937 2056 et
959 1995 1123 2058 tormenta
1147 1992 1337 2079 Gigantum,

350 2115 384 2164 40
441 2098 635 2183 Tisiphones
660 2102 731 2164 atro
755 2099 782 2164 si
805 2098 887 2163 furit
909 2119 1015 2184 angue
1039 2104 1151 2186 caput,

396 2205 463 2272 Aut
486 2206 714 2273 Alcmaeoniae
737 2207 842 2272 furiae
866 2210 923 2270 aut
944 2207 1066 2271 ieiunia
1088 2206 1217 2290 Phinei,

438 2311 526 2378 Num
550 2317 635 2397 rota,
657 2335 737 2378 num
761 2313 898 2398 scopuli,
921 2335 999 2378 num
1023 2313 1096 2378 sitis
1119 2313 1204 2378 inter
1227 2335 1340 2399 aquas,

393 2419 481 2484 Num
504 2422 609 2485 tribus
631 2421 793 2485 infernum
817 2419 960 2485 custodit
981 2420 1128 2484 faucibus
1153 2424 1280 2485 antrum

438 2525 610 2610 Cerberus,
634 2531 667 2592 et
690 2527 787 2612 Tityo
811 2528 924 2613 iugera
947 2529 1060 2612 operta
1082 2547 1215 2611 nouem,

348 2631 445 2697 45An
467 2633 543 2698 ficta
566 2634 600 2697 in
623 2633 758 2699 miseras
783 2632 947 2699 descendit
969 2631 1082 2696 fabula
1105 2632 1225 2718 gentis,

437 2741 483 2804 Et
505 2741 605 2804 timor
627 2740 709 2804 haut
730 2741 817 2804 ultra
841 2761 936 2824 quem
960 2759 1060 2824 rogus
1084 2759 1154 2803 esse
1177 2742 1295 2822 potest.

393 2845 509 2909 Exitus
532 2846 586 2910 bic
609 2846 695 2910 uitae
719 2849 850 2930 superet
872 2846 967 2911 mihi:
991 2868 1062 2925 uos,
1086 2847 1202 2931 quibus
1227 2869 1318 2912 arma

438 2949 539 3016 Grata
562 2953 680 3038 magis,
704 2950 815 3019 Crassi
839 2954 933 3037 signa
944 2952 1072 3030 referte
1097 2953 1237 3021 domum.

377 3376 444 3431 Vra.
463 3394 538 3431 naor.
576 3381 610 3430 25
629 3376 672 3430 Tu
689 3383 711 3428 n
734 3377 744 3446 11
771 3381 805 3431 38
824 3377 903 3447 luna]
923 3376 1008 3447 plena
1026 3381 1050 3429 IV
1072 3377 1082 3445 l
1104 3382 1137 3430 30
1156 3376 1318 3446 perhemnis
1335 3384 1369 3433 V:
1388 3393 1444 3448 pcr-

305 3464 404 3520 hennis
422 3471 446 3518 1V
464 3466 593 3536 perennis
611 3472 633 3517 1>
647 3470 671 3517 V
683 3467 693 3535 1
707 3471 738 3519 31
756 3482 849 3520 arcem
868 3468 956 3534 (arem
974 3471 995 3517 V
1012 3483 1046 3520 m.
1066 3467 1094 3535 1)
1113 3470 1146 3520 0:
1165 3481 1243 3520 arces
1262 3470 1286 3517 V
1304 3484 1381 3535 corr,
1400 3471 1422 3518 V

305 3560 338 3608 33
358 3555 489 3624 perrhebi
507 3559 529 3606 V
547 3573 581 3612 m.
596 3561 628 3612 2:
648 3553 766 3623 perhebi
779 3559 867 3607 nnv
880 3555 1028 3624 perherebi
1041 3560 1062 3605 F
1076 3556 1086 3623 1
1100 3560 1134 3609 34
1153 3555 1251 3609 atratis
1265 3560 1301 3611 IV:
1321 3553 1444 3612 attractis
1497 3571 1498 3607 l

309 3647 328 3694 0
348 3645 403 3712 (sed
421 3650 452 3698 ut
471 3650 495 3698 et
512 3646 545 3698 in
562 3650 583 3696 V
602 3650 627 3699 et
644 3646 676 3698 in
689 3648 712 3695 V
731 3661 746 3696 c
761 3662 779 3699 a
793 3661 826 3698 m.
841 3649 861 3700 2
874 3649 1060 3714 suppuoclam
1073 3644 1120 3712 sit)
1138 3642 1244 3698 auratis
1257 3651 1278 3698 V
1292 3661 1344 3716 mo.
1358 3663 1392 3700 m.
1406 3650 1424 3700 2

306 3735 340 3784 35
360 3748 435 3786 seros
453 3737 478 3784 V
493 3734 498 3801 1
521 3734 647 3803 plaustra
663 3734 763 3788 bootes
782 3737 853 3786 BV:
872 3732 986 3787 flamma
1004 3736 1067 3801 (per
1085 3733 1212 3787 lineolam
1230 3735 1280 3790 del.
1299 3752 1333 3790 m.
1353 3737 1443 3804 3114-

302 3818 431 3872 lustror
452 3822 513 3889 (my.
533 3838 567 3874 m.
587 3827 606 3876 2
625 3822 753 3892 boothes)
776 3821 889 3876 flamma
907 3823 981 3876 boon
999 3827 1022 3874 lV
1049 3824 1059 3893 11
1086 3828 1120 3876 36
1147 3821 1306 3876 Pcllicdum
1323 3828 1358 3890 V,
1381 3838 1442 3876 corr.

302 3924 356 3977 my.
375 3924 409 3963 m.
429 3906 563 3976 2lchoit
580 3913 601 3959 V
617 3914 621 3976 1
637 3909 726 3965 imbre
745 3911 881 3965 Heinsius
893 3911 904 3980 1
917 3916 950 3964 37
971 3910 1025 3964 Gur
1043 3927 1078 3964 ne
1096 3911 1141 3979 Fl
1161 3914 1195 3964 38
1214 3913 1337 3979 quatuor
1356 3917 1374 3964 0
1392 3911 1442 3965 iam

304 3999 404 4066 quo-r
422 4001 444 4048 V
462 4013 515 4066 my.
533 4014 566 4050 m.
587 3999 677 4067 21133
696 4000 761 4053 sunt
779 4003 801 4050 V
819 4016 852 4054 m.
868 4005 887 4054 2
905 3998 1071 4069 {gigantum
1090 4004 1123 4052 V:
1143 4000 1299 4068 gygantum
1313 4005 1380 4072 DV,
1398 4015 1442 4054 mir.

302 4091 327 4139 1V
355 4087 438 4157 (unde
462 4088 612 4142 nocentum
635 4087 790 4157 Hauptias)
817 4090 828 4157 11
854 4093 889 4141 40
916 4075 1069 4156 resipui
1095 4087 1443 4160 Tesyph.1VThesiph.1)

304 4174 429 4245 Thisiph.
450 4179 473 4226 V
486 4177 495 4244 11
513 4181 547 4229 41
573 4176 745 4232 alcmeonice
764 4180 787 4227 V
804 4193 838 4232 m.
858 4179 890 4244 2,
909 4182 945 4231 IV:
964 4176 1142 4246 almeoni(a)e
1162 4181 1180 4228 0
1197 4178 1201 4245 1
1221 4176 1418 4234 fu1·teVm.1
1436 4177 1438 4188 '

305 4268 339 4316 42
359 4263 422 4317 Non
441 4269 481 4318 ter
498 4266 593 4333 101143
611 4265 675 4319 Non
694 4271 718 4318 ll
736 4267 746 4335 l
765 4269 801 4318 44
819 4265 892 4318 tinto
909 4270 930 4316 V
949 4263 1023 4335 (titio
1041 4282 1092 4335 my.
1112 4283 1146 4321 m.
1165 4266 1197 4334 2)
1214 4267 1218 4334 1
1235 4267 1335 4335 operta
1352 4263 1443 4333 corbet

303 4351 320 4404 l.
342 4351 372 4405 l:
392 4356 520 4420 peuceo
548 4355 558 4421 l
584 4359 619 4407 45
643 4356 741 4422 gentes
759 4358 818 4405 DV
845 4355 854 4423 11
881 4361 914 4408 46
938 4354 1008 4409 haut
1026 4360 1059 4408 lV:
1081 4356 1168 4409 auto
1195 4355 1205 4423 l
1231 4360 1264 4407 47
1289 4357 1402 4424 superet
1417 4367 1441 4408 ςτ

304 4441 467 4509 superesto
