3052 5044
288 299 331 363 38
665 297 862 352 PROPER‘llI
879 297 947 352 LIB.
966 299 1000 354 ll.
1022 305 1045 354 1.

422 461 581 547 Actiaque
604 463 637 526 in
661 461 760 527 Sacra
782 483 910 527 currere
934 465 1041 526 rostra
1064 461 1141 541 Via,

333 586 367 634 35
378 569 424 634 Te
448 591 520 634 mea
542 570 637 635 Musa
660 569 725 633 illis
750 591 876 654 semper
900 571 1084 634 contexeret
1107 569 1220 652 armis,

421 676 466 740 ΕΙ
490 680 620 761 sumpta
644 681 676 740 et
698 677 807 759 posita
830 697 906 760 pace
930 676 1023 740 fidele
1047 680 1158 759 caput,

378 783 521 848 Theseus
546 787 583 847 ut
604 783 719 866 lsruis,
743 783 867 865 superis
889 785 990 846 techel
991 804 1029 846 ur
976 780 1210 860 thenihes,

421 889 484 953 Hic
507 889 691 973 Ixioniden,
710 834 769 952 ille
791 888 1026 954 Menoetiaden.

380 996 441 1061 Sed
464 1017 568 1081 neque
591 996 788 1081 Phlegraeos
813 995 900 1060 Iouis
924 994 1142 1080 Enceladique
1166 996 1327 1059 tumultus

333 1118 368 1166 4ο
422 1103 553 1168 Intonat
538 1106 716 1186 tangusto
740 1106 870 1185 pectore
895 1101 1129 1185 Callimachus,

377 1208 445 1274 Nec
469 1231 541 1273 mea
564 1210 762 1275 conueniunt
784 1209 864 1272 duro
888 1207 1076 1291 praecordia
1098 1230 1196 1272 uersu

423 1313 572 1380 Caesaris
595 1317 629 1380 in
652 1315 814 1400 Phrygios
838 1314 974 1380 condere
997 1335 1116 1378 nomen
1139 1339 1225 1380 auos.

377 1421 500 1486 Nauita
523 1423 561 1487 de
584 1424 703 1506 uentis,
727 1423 766 1487 dc
789 1422 891 1486 tauris
914 1426 1027 1486 narrat
1050 1425 1173 1506 arator,

420 1527 600 1594 Enumerat
623 1531 715 1594 miles
739 1531 890 1610 uulnera,
913 1532 1027 1612 pastor
1051 1550 1143 1611 oues,

333 1650 367 1698 45
376 1633 446 1701 Nos
470 1640 584 1702 contra
607 1641 746 1720 angusto
769 1638 935 1700 uersantes
960 1636 1083 1719 praelia
1106 1635 1204 1700 lecto:

422 1742 493 1818 Qua
516 1748 593 1827 pote
617 1744 763 1827 quisque,
787 1743 821 1806 in
845 1764 883 1806 ea
906 1745 1053 1807 conterat
1076 1744 1145 1805 arte
1169 1742 1260 1806 diem.

377 1847 463 1914 Laus
487 1849 521 1913 in
545 1872 654 1914 amore
677 1850 772 1914 mori:
795 1851 866 1913 laus
891 1849 1006 1932 altera,
1030 1849 1059 1913 si
1082 1849 1177 1912 datur
1199 1851 1255 1914 uni

421 1953 521 2019 Posse
544 1943 626 2019 frui?
646 1956 735 2020 fruar
758 1979 777 2020 o
801 1957 889 2020 solus
914 1977 1023 2020 amore
1047 1957 1132 2020 meo!

379 2059 412 2125 Si
436 2063 581 2146 memini,
605 2065 688 2127 solet
710 2063 767 2126 illa
791 2062 872 2126 leuis
897 2063 1025 2146 culpare
1047 2063 1187 2146 puellaS,

333 2182 368 2231 50
421 2166 466 2230 Et
489 2172 594 2234 totam
619 2191 658 2232 ex
680 2168 806 2232 Helena
828 2191 895 2234 non
918 2168 1037 2251 probat
1058 2167 1171 2231 Iliada.

380 2272 442 2338 Seu
466 2276 547 2339 mihi
572 2278 648 2339 sunt
670 2275 835 2358 tangenda
857 2296 1016 2339 nouercae
1039 2273 1156 2357 pocula
1179 2274 1360 2361 Phaedrae,

422 2381 544 2446 Pocula
566 2381 718 2465 priuigno
741 2401 808 2444 non
830 2382 979 2446 nocitura
1002 2402 1074 2463 suo,

379 2485 441 2550 Seu
465 2487 546 2550 mihi
570 2484 703 2551 Circaeo
726 2487 923 2570 pereundum
947 2490 997 2551 est
1020 2487 1166 2571 gramine
1190 2487 1258 2552 siue

425 2591 556 2657 Colchis
580 2593 727 2658 Iolciacis
751 2598 824 2656 urat
848 2593 953 2658 ahena
976 2595 1071 2658 focis:

337 2715 369 2762 55
380 2699 455 2764 Una
478 2723 567 2765 meos
592 2699 744 2785 quoniam
768 2700 924 2782 praedata
949 2704 998 2764 est
1021 2699 1143 2765 femina
1167 2723 1294 2787 sensus,

422 2807 473 2871 Ex
495 2808 556 2872 hac
580 2808 737 2872 ducentur
760 2808 874 2872 funera
896 2812 1006 2873 nostra
1032 2806 1138 2872 domo.

360 2965 428 3018 Vns.
448 2985 522 3020 asor.
560 2971 594 3019 35
614 2964 768 3020 contexerit
786 2969 819 3032 0,
837 2981 907 3018 corr.
922 2979 939 3022 ς
952 2966 962 3033 ΙΙ
976 2971 1009 3019 36
1028 2982 1127 3034 pacem
1141 2970 1165 3017 ll
1182 2983 1214 3021 m.
1231 2973 1246 3020 1
1263 2968 1267 3035 1
1284 2971 1376 3038 capud
1391 2977 1415 3024 A
1431 2972 1440 3040 ΙΙ

290 3060 323 3108 37
343 3056 375 3108 ut
393 3055 480 3108 laruis
500 3056 643 3123 temptaui:
673 3053 788 3108 infernis
808 3059 840 3122 0,
864 3071 916 3123 quo
935 3060 1036 3109 reteulo
1063 3071 1113 3109 ceu
1131 3055 1207 3109 fatur
1225 3057 1439 3126 Luclmuuuus3
1467 3112 1470 3122 ,

289 3145 471 3198 Burmannus
496 3145 632 3198 distichon
657 3149 742 3198 totum
769 3144 883 3198 alluude
908 3145 1038 3212 inlatum,
1065 3144 1232 3200 Fouteiulus
1257 3152 1281 3200 el
1305 3147 1441 3204 Struur'us

289 3233 391 3300 allique
414 3234 541 3301 spurium
564 3234 674 3298 helech
701 3234 811 3287 Kellios
834 3238 897 3287 aute
915 3239 948 3286 37
974 3234 1109 3288 distichoa
1131 3234 1303 3290 intercidisse·
1318 3243 1406 3306 putul
1431 3237 1440 3308 Ι

289 3328 323 3376 38
343 3321 512 3390 hyxioniden
531 3327 566 3391 A,
586 3321 743 3377 exionidem
764 3322 829 3392 (nix.
845 3340 878 3376 m.
894 3325 959 3391 2)r
984 3325 988 3390 Ι
1009 3321 1191 3377 meneciaden
1209 3328 1231 3375 A
1246 3330 1270 3377 ll
1284 3330 1307 3376 V
1327 3344 1441 3382 menea—
1524 3378 1526 3385 ι

289 3412 369 3466 uiden
392 3418 448 3464 DF
474 3413 567 3480 (huius
590 3428 640 3481 my.
666 3411 838 3481 meneciade)
873 3414 883 3480 ΙΙ
915 3418 948 3465 39
981 3413 1084 3482 neque]
1108 3412 1185 3480 illeq;
1210 3417 1271 3482 (mo.
1291 3417 1398 3484 nec)r
1435 3416 1438 3450 l

288 3502 405 3570 flegreos
426 3500 588 3570 olenchel.
608 3507 633 3554 et
650 3506 670 3552 F
690 3506 715 3554 et
732 3504 755 3552 v
773 3517 807 3553 uu
827 3506 846 3555 2
867 3501 877 3568 ΙΙ
898 3507 933 3553 40
953 3500 1142 3566 calimacusr
1164 3504 1174 3570 Ι
1200 3508 1232 3555 41
1253 3504 1440 3572 praeueniunt

289 3594 345 3642 Ar
373 3592 382 3659 ΙΙ
409 3596 443 3643 42
462 3589 560 3660 frigios
579 3594 635 3642 Ar
658 3592 668 3658 ΙΙ
696 3595 730 3642 44
748 3589 786 3643 Et
805 3591 933 3642 numerat
950 3594 974 3641 ll
995 3589 1005 3658 Ι
1028 3595 1061 3642 45
1081 3593 1200 3658 augusto
1218 3597 1240 3642 F
1265 3595 1269 3659 Ι
1294 3609 1440 3648 uersamus

295 3679 406 3732 Volscus
424 3678 562 3733 uersantis
580 3679 614 3732 L.
637 3679 789 3733 Muellerus
810 3681 820 3746 ΙΙ
843 3683 876 3731 46
901 3693 963 3732 mea
983 3681 1056 3746 (meo
1075 3695 1108 3731 m.
1128 3681 1159 3748 2)
1179 3684 1348 3735 concreata
1371 3684 1382 3752 Ι
1405 3689 1439 3736 47

289 3767 337 3819 uni
356 3766 515 3832 Hoeufftius
533 3773 557 3820 el
576 3769 614 3822 Η,
633 3768 767 3822 Bosscho:
792 3786 846 3823 uno
866 3773 885 3820 0
904 3768 965 3820 laus
985 3767 1008 3820 si
1027 3767 1110 3822 datur
1129 3768 1219 3822 altera
1237 3770 1303 3824 uiuo
1323 3786 1339 3828 ς
1367 3774 1377 3842 ΙΙ
1405 3779 1439 3826 49

288 3855 338 3909 ille
356 3861 378 3906 D
392 3859 415 3905 V
435 3856 440 3921 Ι
461 3854 532 3908 leuis
549 3863 571 3908 D
585 3861 606 3907 F
620 3860 654 3910 V:
676 3856 752 3910 leus
771 3862 794 3909 A
807 3862 831 3909 ll
844 3858 855 3927 ΙΙ
868 3862 902 3910 50
926 3856 1006 3910 clena
1025 3862 1046 3908 F
1073 3860 1083 3925 Ι
1111 3863 1143 3911 51
1168 3860 1232 3912 sunt
1250 3863 1273 3911 A
1286 3865 1307 3911 r
1321 3865 1358 3914 ll:
1383 3862 1441 3915 sint

288 3970 310 4015 D
325 3966 347 4013 v
364 3962 368 4033 Ι
384 3938 475 4032 phede
494 3966 517 4013 A
535 3962 629 4017 ledrae
647 3968 705 4015 DV
732 3965 743 4029 Ι
770 3970 802 4018 53
830 3980 911 4018 curso
930 3969 951 4014 F
969 3981 1003 4019 m
1023 3969 1038 4016 1
1069 3966 1073 4030 Ι
1102 3964 1240 4036 gramine]
1261 3966 1397 4036 sanguiue
1417 3975 1440 4021 1)

288 4068 340 4121 my.
358 4068 410 4123 pro
429 4068 490 4106 uar.
511 4053 566 4107 leel.
591 4054 600 4121 ΙΙ
623 4058 658 4106 54
678 4052 809 4107 cholchis
827 4060 849 4105 D
863 4056 980 4121 llv,et
969 4055 1080 4107 tulta
1098 4059 1129 4106 ul
1143 4055 1225 4121 prior
1243 4054 1262 4106 h
1281 4062 1441 4124 suppuucta
1465 4097 1468 4106 .

288 4142 324 4194 sil
346 4139 349 4209 Ι
370 4139 498 4194 Iolciacis
518 4140 652 4210 Scallyer.
672 4139 871 4210 C(h)olch1acrs
891 4147 910 4194 0
935 4143 940 4210 Ι
965 4143 1028 4195 urat
1046 4159 1113 4196 uum
1131 4144 1162 4196 lu
1163 4143 1296 4211 leucum?
1319 4145 1324 4211 Ι
1347 4145 1441 4198 ahena

289 4233 361 4281 DV:
381 4246 452 4284 aena
471 4231 550 4283 ceteri
576 4230 586 4298 ΙΙ
613 4236 646 4284 56
672 4228 788 4284 ducetur
806 4237 827 4282 Β
858 4232 862 4298 Ι
892 4229 990 4283 funera
1015 4231 1055 4285 bis
1073 4236 1131 4283 AF
1154 4233 1196 4300 (lu
1213 4237 1237 4284 A
1260 4234 1376 4286 alterum
1394 4251 1440 4288 aa·

286 4319 432 4386 puuctum)
450 4320 460 4388 ΙΙ
481 4337 499 4372 u
516 4337 544 4373 u.
565 4325 597 4373 57
616 4335 718 4373 uouem
737 4319 849 4388 electam
867 4320 1007 4373 coustituit
1022 4321 1223 4375 Heimreiclulus
1236 4327 1301 4390 post
1317 4328 1350 4376 70
1370 4323 1440 4378 luse-

291 4423 354 4462 reus
372 4407 398 4459 ΙΙ
416 4412 442 4476 4,
463 4412 566 4460 ru-as
