3004 5068
478 309 765 370 Pssouaeorrurel.
1097 307 1199 364 XLVII

70 498 133 540 cum
155 475 262 542 Tullus
293 476 507 542 amicissimus
535 478 689 559 patruum
712 475 747 540 in
769 472 882 538 Asiam
912 475 998 536 esset
1021 475 1201 538 sectaturus

70 582 302 670 [Hertubergius
325 584 342 648 I
364 606 396 668 p.
406 583 449 648 23
464 584 563 667 sqq.]‚
585 582 775 665 Propertius
799 581 827 646 ei
851 579 1029 646 carminum
1052 579 1203 644 uolumen

71 690 196 772 primum
210 691 417 774 μονοβίβλου
436 688 535 754 titulo
549 689 745 754 instructum
762 690 928 772 tamquam
942 686 1064 751 sodalis
1079 687 1201 753 amoris

71 796 195 862 miseriis
218 798 365 883 oppressi
388 817 638 882 mnemosynum
661 794 795 860 donauit
804 792 847 880 *).

147 903 213 980 Quo
242 904 329 969 edito
358 903 415 968 ubi
443 906 541 986 poeta
568 901 672 968 adhuc
699 900 832 988 ignotus
859 901 894 966 in
921 900 1090 968 hominum
1117 901 1203 966 noti-

68 1007 138 1072 tiam
160 1010 250 1074 uenit
277 1009 498 1094 celebrarique
521 1008 644 1074 Romae
668 1007 788 1091 coepit,
816 1004 959 1092 Cynthia
987 1029 1082 1093 quem
1106 1012 1203 1074 antea
1253 1047 1257 1054 ·

68 1112 222 1180 fastidiose
252 1118 410 1182 tractarat
437 1139 509 1182 cum
534 1137 572 1182 eo
595 1116 661 1182 iam
690 1116 724 1180 in
749 1115 889 1200 gratiam
919 1115 1015 1179 rediit
1039 1113 1092 1201 (cf.
1115 1114 1149 1179 ΙΙ
1173 1117 1204 1199 2,

71 1219 160 1307 leq).
203 1245 301 1307 quam
324 1245 388 1288 uno
417 1245 527 1290 mense
555 1227 630 1308 post
657 1223 832 1287 editionem
860 1221 950 1286 illam
973 1221 1144 1306 Propertio
1168 1243 1202 1288 se

68 1329 239 1394 restituisse
262 1330 412 1396 nouimus
437 1353 475 1397 ex
499 1330 622 1415 elegiae
643 1328 677 1393 Π
700 1329 720 1394 3
744 1352 796 1395 uu.
822 1330 920 1394 1-4:

190 1454 252 1531 Qui
274 1455 401 1521 nullam
424 1455 486 1520 tibi
504 1454 633 1519 dicebas
656 1455 722 1518 iam
745 1475 840 1538 posse
863 1474 990 1538 nocere,

237 1561 399 1628 Haesisti:
423 1562 538 1628 cecidit
561 1562 695 1646 spiritus
718 1562 774 1626 ille
796 1565 883 1626 tuus.

189 1668 254 1734 Vix
276 1691 375 1735 unum
394 1671 498 1754 potes,
520 1667 645 1753 infelix,
667 1668 1044 1754 requiesceremensem,

237 1775 282 1842 llt
305 1777 409 1860 turpis
434 1775 472 1840 de
495 1777 616 1840 teiam
639 1776 724 1842 liber
747 1777 830 1841 alter
853 1776 923 1841 erit.

68 1901 173 1981 quibus
196 1903 305 1966 uerbis
328 1902 423 1966 fictus
447 1899 579 1986 quidam
604 1900 808 1966 aduersarius
836 1901 1044 1986 reprehendit
1072 1905 1203 1986 poetam

67 2007 144 2088 quod
166 2009 428 2073 reconciliatione
452 2007 539 2072 facta
557 2007 663 2071 denuo
688 2008 809 2072 seruiat
824 2005 1000 2092 Cynthiae5
1024 2008 1113 2073 cuius
1132 2031 1203 2092 per-

66 2113 135 2177 fidia
156 2137 284 2180 rursum
308 2116 441 2201 cognita
464 2135 539 2179 mox
562 2114 681 2179 iterum
702 2135 775 2180 eum
798 2137 911 2179 uersus
930 2136 1001 2180 esse
1025 2119 1205 2199 cantorum,

67 2221 116 2302 qui
146 2223 239 2287 alteri
271 2223 356 2288 libro
384 2225 460 2306 post
492 2221 622 2306 aliquod
653 2224 782 2306 tempus
815 2222 900 2286 forte
932 2221 1053 2288 edendo
1087 2221 1204 2308 (neque

67 2326 144 2427 euim
176 2327 255 2394 baec
281 2330 329 2394 ita
357 2328 556 2413 accipienda,
589 2329 680 2412 quasi
709 2328 775 2392 iam
804 2328 842 2394 de
871 2328 1010 2393 secundo
1039 2329 1205 2393 uolumine

67 2434 238 2518 euulgando
262 2435 332 2520 ipse
346 2436 541 2520 cogitauerit
562 2433 675 2522 poeta)
700 2435 848 2500 dedecori
867 2423 932 2500 sint
954 2434 1122 2522 futuri**).
1149 2457 1205 2519 ap·
1303 2469 1306 2475 ·

66 2543 153 2622 paret
178 2546 287 2606 autem
315 2544 474 2626 respicere
502 2541 724 2608 aduersarium
753 2542 819 2607 illis
844 2541 915 2627 ‘qui
938 2543 1060 2607 nullam
1087 2580 1123 2590 -
1150 2543 1205 2607 ille

27 2720 39 2741 ·
66 2646 149 2711 tuus'
173 2649 213 2713 ad
236 2650 356 2713 librum
379 2650 530 2734 primum.
572 2649 627 2714 sed
651 2649 783 2714 ubinam
812 2649 876 2714 loci
897 2648 1086 2735 Propertius
1109 2649 1144 2714 in
1167 2672 1205 2714 eo

67 2752 252 2841 iactaueret,
279 2756 404 2821 nullam
432 2757 498 2821 iam
524 2757 679 2822 feminam
703 2758 765 2822 sibi
795 2779 890 2841 posse
913 2755 1051 2822 nocere?
1086 2757 1207 2841 legitur

68 2862 189 2944 quidem
212 2863 228 2928 I
254 2864 288 2948 l,
312 2863 354 2928 29
370 2885 416 2949 sq.
445 2862 543 2932 ‘ferte
570 2885 628 2948 per
656 2867 816 2929 extremas
845 2867 959 2950 gentes
983 2866 1016 2927 et
1045 2863 1126 2926 ferte
1149 2885 1207 2947 per

67 2970 172 3054 undas,
196 2991 260 3054 qua
282 2991 350 3034 non
372 2969 441 3034 ulla
463 2991 570 3034 meum
588 2969 709 3034 femina
732 2970 821 3034 norit
838 2969 922 3054 iter',
946 2971 1001 3036 sed
1025 2969 1076 3035 his
1096 2970 1206 3034 uerbis

67 3077 190 3142 minime
212 3078 246 3142 id
270 3077 374 3162 quode
399 3078 507 3162 agitur
529 3077 622 3142 inest.
650 3077 734 3142 unde
758 3077 970 3142 confirmatur
993 3077 1145 3161 suspitio,
1168 3099 1207 3141 ea

69 3205 144 3266 quae
166 3187 278 3250 extant
300 3184 317 3249 Ι
343 3187 371 3270 1,
394 3185 491 3269 beq:

192 3309 304 3376 Donec
327 3331 378 3373 me
402 3310 513 3375 docuit
536 3313 643 3375 castas
667 3308 772 3374 odisse
796 3311 920 3393 puellas

241 3415 414 3500 Improbus
438 3422 472 3482 et
493 3416 583 3481 nullo
607 3417 717 3481 uiuere
741 3417 877 3481 consilio

68 3561 129 3604 non
155 3542 279 3606 intacta
306 3563 385 3607 esse.
425 3564 502 3606 nam
536 3542 616 3606 mire
643 3541 690 3605 ibi
719 3563 752 3605 se
784 3541 906 3605 habent
935 3544 1044 3606 castae
1071 3540 1207 3624 puellae.

69 3648 180 3733 quippe
204 3647 357 3733 uulgares
376 3649 561 3714 meretrices
576 3649 631 3733 qui
651 3647 846 3732 sectabatur,
868 3649 896 3711 is
921 3647 989 3712 sine
1008 3647 1095 3711 iusta
1109 3669 1206 3712 causa

68 3771 274 3782 Ψ

134 3821 158 3892 *)
185 3821 257 3878 siin
281 3823 351 3893 eleg.
371 3823 384 3875 Ι
403 3830 419 3878 6
442 3823 516 3879 inter
539 3840 651 3896 carpas,
678 3841 726 3878 our
744 3821 858 3878 Tullum
882 3823 1010 3878 comitari
1034 3840 1089 3879 non
1114 3823 1208 3890 liceat,

68 3913 187 3966 recenset
205 3914 290 3981 poeta
312 3931 357 3966 uu.
377 3919 468 3981 osqq.
492 3913 604 3983 puellae
627 3929 692 3966 suae
718 3928 828 3982 preces,
854 3930 921 3968 caue
948 3913 1001 3968 hoc
1019 3913 1057 3967 ad
1075 3912 1208 3968 amussim

69 4000 164 4071 erigas.
192 4001 223 4055 id
242 4002 315 4069 quod
334 4018 431 4056 uerum
450 4004 493 4056 est
506 4002 657 4057 ostendunt
673 4020 719 4056 uu.
741 4006 855 4057 25-36.

134 4089 176 4160 *’)
196 4106 252 4159 quo
267 4089 378 4160 saepius
392 4091 466 4145 hunc
479 4090 572 4144 locum
588 4106 697 4144 mecum
711 4090 880 4160 perpensito¹
895 4107 928 4145 eo
943 4089 1033 4159 magis
1048 4090 1207 4158 suspectum

69 4177 97 4232 fit
112 4179 180 4234 illud
201 4178 323 4249 ‘turpis’.
361 4179 428 4248 quid
446 4180 522 4234 enim
540 4179 724 4248 ignominiae,
751 4195 864 4248 quaeso,
884 4176 939 4233 sibi
957 4176 1139 4232 contrahitis
1158 4177 1207 4246 qui

72 4269 167 4324 amoris
185 4267 312 4323 miserias
331 4269 495 4337 doloresque
515 4285 579 4322 suos
603 4268 710 4338 argutis
728 4267 836 4338 profert
849 4267 999 4337 querellis?
1025 4266 1117 4336 aptius
1136 4269 1211 4322 certe

70 4353 136 4412 foret
155 4357 195 4413 ‘et
214 4358 302 4412 tristis
320 4357 354 4411 de
373 4360 402 4412 te
421 4357 478 4412 iam
492 4356 563 4412 liber
577 4357 650 4414 alter
669 4357 743 4424 erit,
762 4357 790 4411 h.
806 4373 838 4424 e,
858 4355 970 4412 easdem
983 4372 1053 4425 quas
1071 4355 1101 4410 in
1114 4373 1209 4413 mono·

70 4442 141 4500 biblo
159 4448 207 4502 tuo
230 4463 308 4502 acres
327 4445 516 4515 querimonias
535 4446 564 4500 in
584 4446 705 4502 secundo
724 4461 835 4514 quoque
854 4444 927 4508 libro
947 4445 1020 4502 edes.
