3004 5068
489 359 687 416 PROPERTII
705 361 772 416 LlB.
792 363 813 415 Ι.
833 367 857 415 6.
877 365 901 414 7.

251 525 319 590 Ibis
343 526 376 589 et
399 524 521 609 accepti
546 547 621 608 pars
645 523 709 589 eris
733 521 873 607 imperii,

158 631 292 698 35Tum
315 631 376 696 tibi
399 631 427 696 si
451 653 514 715 qua
537 631 601 695 mei
625 630 733 695 ueniet
754 650 820 694 non
843 629 1003 694 inmemor
1025 629 1121 710 hora,

251 737 369 803 Viuere
393 760 444 802 me
467 738 548 803 duro
573 737 676 802 sidere
700 739 807 802 certus
831 737 904 802 cris.

585 971 797 980 ,-.-.-.-.

651 1166 730 1240 VII.

209 1319 293 1385 Dum
317 1321 379 1386 tibi
404 1320 563 1388 Cadmeae
587 1323 752 1407 dicuntur,
774 1321 921 1404 Pontice,
945 1320 1078 1384 Thebae

252 1426 416 1514 Armaque
440 1430 602 1495 fraternae
626 1429 734 1495 tristia
757 1427 910 1506 militiae,

209 1533 331 1618 Atque,
354 1536 401 1600 ita
424 1537 486 1601 sim
509 1537 600 1619 felix,
624 1536 728 1621 primo
752 1534 919 1600 contendis
942 1534 1086 1599 Homero

252 1637 340 1725 (Sine
363 1643 459 1708 modo
482 1643 550 1708 iata
572 1642 637 1707 tuis
662 1641 774 1707 mollia
796 1639 1022 1726 carminibus):

182 1743 295 1825 5Nos,
319 1750 356 1813 ut
379 1770 584 1835 consucmus,
607 1751 737 1814 nostros
762 1748 924 1833 agitamus
948 1767 1075 1812 amores

252 1851 361 1936 Atque
384 1853 507 1939 aliquid
531 1854 643 1920 duram
668 1853 850 1939 quaerimus
874 1853 908 1916 in
932 1851 1110 1935 dominam,

210 1955 276 2022 Nec
299 1960 429 2024 tantum
451 1961 598 2048 ingenio,
621 1964 779 2046 quantum
803 1959 925 2024 seruire
950 1959 1053 2024 dolori

253 2061 361 2150 Cogor
385 2069 417 2132 et
441 2067 558 2132 aetatis
581 2071 729 2151 tempora
751 2065 832 2130 dura
855 2065 955 2148 queri.

208 2170 271 2236 Hic
294 2171 374 2236 mihi
398 2173 576 2238 conteritur
598 2173 686 2237 uitae
709 2171 840 2249 medua,
863 2170 943 2236 haec
967 2193 1040 2235 mea
1063 2170 1151 2234 fama
1174 2173 1237 2254 est,

166 2293 198 2342 10
254 2275 338 2342 Hinc
362 2277 456 2361 cupio
480 2300 599 2343 nomen
622 2277 773 2343 carminis
797 2277 843 2341 ire
866 2276 939 2341 mei.

209 2383 262 2449 Me
286 2385 417 2450 laudent
442 2384 554 2450 doctae
579 2385 684 2450 solum
707 2385 866 2469 placuisse
889 2383 1030 2468 puellae,

253 2490 400 2576 Pontice,
424 2495 456 2555 ct
478 2491 614 2556 iniustas
639 2513 735 2575 saepe
759 2490 874 2555 tulisse
899 2490 1015 2554 minas:

207 2596 261 2661 Me
284 2597 374 2682 legat
397 2597 525 2662 assidue
549 2597 726 2682 posthaec
749 2597 918 2680 neglectus
942 2600 1082 2679 amator,

167 2719 199 2767 14
252 2702 298 2768 Et
320 2704 448 2788 prosint
470 2704 518 2768 illi
542 2704 674 2788 cognita
697 2705 809 2768 nostra
832 2702 927 2767 mala.

165 2808 277 2874 aaNec
299 2813 453 2894 poterunt
475 2811 608 2874 iuuenes
632 2813 743 2875 nostro
767 2809 902 2874 reticere
926 2809 1073 2893 sepulcro

255 2916 402 2982 ‘Ardoris
425 2918 528 2982 nostri
552 2937 670 3001 magne
694 2920 790 3000 poeta
813 2916 918 2982 iaces?

166 3023 261 3090 esau
285 3046 363 3091 caue
385 3029 499 3090 nostra
522 3028 578 3089 tuo
603 3027 791 3090 contemnas
815 3024 959 3089 carmina
981 3023 1084 3089 fastu:

165 3149 199 3197 26
255 3130 357 3216 Saepe
380 3132 471 3196 uenit
495 3152 616 3216 magno
638 3130 748 3194 fenore
772 3128 883 3194 tardus
907 3127 1018 3196 Amor.

166 3255 199 3302 15
209 3237 255 3302 Te
279 3259 405 3322 quoque
429 3237 456 3301 si
481 3239 570 3301 certo
593 3258 674 3320 puer
695 3235 749 3299 hic
773 3235 972 3300 concusserit
995 3258 1083 3313 arcu,

191 3481 259 3536 Van.
280 3499 353 3536 asor.
399 3486 434 3534 64
466 3479 597 3550 aceptir
627 3484 632 3547 1
661 3479 714 3534 etis
741 3481 765 3547 (r
783 3495 869 3548 supra
894 3479 907 3534 t
929 3495 963 3534 ue.
983 3484 998 3533 1
1022 3482 1084 3548 rer.)
1107 3485 1131 3532 6
1160 3483 1163 3548 1
1193 3481 1267 3536 loeus

118 3573 266 3639 absonus,
294 3572 326 3624 in
349 3587 402 3640 pua
425 3571 558 3625 coniecere
581 3569 704 3638 acceptis
726 3583 778 3638 par
800 3566 855 3621 eris
874 3566 997 3637 imperiis
1019 3569 1193 3624 Passeratius
1211 3571 1266 3638 (ao-

119 3661 203 3730 cepto
222 3677 273 3729 par
296 3659 350 3716 cris
372 3659 490 3728 imperio
509 3657 688 3727 Forueinius,
712 3656 834 3726 acceptis
858 3673 910 3725 par
933 3657 987 3711 eris
1009 3657 1120 3726 imperii
1140 3659 1267 3726 Munna),

118 3749 221 3805 asserti
249 3749 397 3815 Heiaesins,
425 3765 483 3803 sors
511 3748 565 3802 erit
592 3748 788 3803 Lachmanuue
816 3748 878 3816 (quo
901 3749 1019 3818 probato
1048 3749 1079 3802 ut
1102 3765 1156 3818 pro
1179 3750 1208 3803 ct
1233 3749 1266 3803 L.

120 3839 285 3906 Muellerus)
299 3840 309 3907 11
323 3842 356 3891 36
375 3835 451 3892 imm.
471 3843 492 3889 n

191 3944 252 4000 VII.
288 3943 374 3999 Noua
392 3943 477 4014 eleaia
500 3959 561 3998 curn
580 3943 659 3998 titulo
684 3942 720 3998 ad
738 3942 882 4012 ponticum
900 3943 932 3998 e'n
951 3948 969 3995 0
997 3945 1006 4012 11
1036 3950 1048 3997 1
1070 3943 1139 4000 Cum
1158 3952 1197 4000 n.
1213 3945 1267 4000 Vm

119 4034 150 4104 (d
168 4051 201 4089 m.
222 4037 242 4088 2
260 4033 335 4100 add.)
354 4036 377 4083 V
399 4033 408 4100 1
431 4037 446 4086 2
471 4030 692 4100 milici(a)eA1t
714 4033 723 4101 11
747 4038 762 4085 3
784 4030 877 4101 prisco
895 4036 918 4083 V
936 4050 970 4088 m.
990 4038 1010 4088 2
1038 4035 1046 4104 1
1074 4032 1215 4101 deliquid
1234 4049 1267 4087 ex

120 4123 157 4178 ad
172 4139 240 4176 corr.
260 4126 293 4188 1²3
312 4120 421 4175 aditum
439 4119 621 4175 Burmannus
635 4121 644 4188 11
660 4126 675 4174 7
694 4120 754 4174 Neo
772 4121 868 4174 tamen
886 4123 942 4172 AF
966 4122 975 4188 11
998 4127 1014 4173 9
1034 4120 1205 4176 Conterritur
1224 4120 1264 4192 21

120 4211 203 4282 haec]
224 4211 309 4278 etEt
325 4215 357 4262 11
378 4207 495 4264 laudant
508 4213 565 4262 Ar
585 4210 628 4277 (in
645 4210 694 4264 hec
712 4224 780 4264 corr.
800 4226 835 4264 ne.
849 4211 879 4276 2)
897 4212 901 4276 1
917 4209 1068 4280 placuisse]
1089 4209 1214 4264 docuisse
1233 4215 1266 4277 n,

122 4315 191 4354 corr.
203 4316 237 4354 nr.
249 4299 327 4370 11113
343 4296 471 4352 assiduae
482 4302 506 4348 Ν
517 4295 521 4368 1
533 4297 686 4367 neglectus,
701 4314 764 4367 gea
778 4303 878 4353 cornr
892 4300 901 4366 11
915 4315 972 4365 uu,
988 4298 1037 4366 qui
1049 4303 1114 4352 sunt
1123 4299 1183 4354 ino
1198 4305 1267 4353 23-

121 4395 165 4458 26,
176 4393 241 4457 post
252 4393 284 4440 14
289 4389 374 4456 posui
389 4388 446 4457 (uu.
462 4391 510 4455 25,
530 4393 564 4440 26
583 4388 636 4441 huc
648 4387 705 4442 iam
719 4387 794 4441 Gaii.
810 4386 958 4442 Ir'iscterns
976 4387 1095 4457 traiecit)
1104 4387 1113 4458 11
1123 4394 1156 4442 23
1177 4389 1266 4458 sepul-

122 4478 189 4532 chro
208 4475 334 4548 221126
355 4478 534 4546 contempnas
553 4479 718 4545 62161126
737 4475 851 4531 foenore
867 4471 891 4528 i>
906 4481 929 4528 v
1039 4468 1042 4472 ’
