3052 5044
265 335 328 400 102
626 335 820 390 PROPERTII
837 335 904 390 LIB.
925 335 959 391 ΙΙ,
979 333 1036 388 34¹³.

306 515 339 564 66
351 497 462 563 Cedite
486 497 626 563 Romani
650 498 837 581 scriptores,
861 496 963 562 cedite
988 498 1080 562 Grai:

399 604 517 671 Nescio
541 604 618 689 quid
641 605 745 668 maius
768 604 913 670 nascitur
936 605 1045 669 Iliade.

827 751 845 789 s

737 841 753 877 s
915 840 932 879 a

353 943 401 1007 Tu
425 942 512 1007 canis
537 942 683 1006 umbrosi
707 943 818 1007 subter
841 943 954 1027 pineta
978 941 1107 1007 Galaesi

395 1049 537 1134 Thyrsin
561 1054 593 1114 et
617 1049 744 1114 adtritis
768 1049 924 1134 Daphnin
947 1049 1175 1129 arundinibuS,

352 1157 458 1241 thue
483 1155 592 1220 decem
615 1156 742 1239 possint
766 1177 971 1240 corrumpere
995 1155 1081 1220 mala
1105 1155 1244 1238 puellas,
1324 1147 1328 1151 ’

308 1279 341 1326 7ο
397 1263 517 1327 Missus
542 1265 574 1326 et
598 1262 753 1345 inpressis
776 1261 898 1327 haedus
924 1262 964 1326 ab
988 1254 1166 1327 uberibus(

351 1367 455 1451 Felix,
479 1369 534 1451 qui
559 1368 639 1432 uiles
662 1368 769 1452 pomis
793 1368 946 1432 mercaris
970 1367 1110 1432 amores!

396 1473 481 1539 Huic
504 1475 581 1539 licet
604 1475 753 1560 ingratae
777 1474 908 1558 Tityrus
932 1474 1002 1557 ipse
1026 1477 1131 1556 canat

353 1579 444 1644 Felix
468 1581 626 1645 intactum
650 1579 800 1664 Corydon
825 1581 879 1664 qui
902 1583 1007 1645 tentat
1029 1579 1148 1644 Alexin

242 1773 245 1776 Ι
396 1687 569 1773 Agricolae
593 1688 714 1753 domini
739 1710 870 1772 carpere
893 1688 1041 1753 delicias!

308 1811 341 1859 76
352 1793 507 1870 Quamuis
531 1795 586 1859 ille
610 1817 668 1859 sua
690 1796 795 1860 lassus
819 1795 1000 1886 requiescat
1023 1816 1140 1878 auena,
1237 1789 1239 1794 ’

367 1883 371 1888 ’
398 1900 563 1967 Laudatur
584 1902 691 1966 facilis
714 1901 800 1966 inter
825 1901 1082 1986 Hamadryadas.

284 2045 287 2050 ,
352 2008 401 2072 Tu
425 2010 514 2072 canis
539 2007 813 2072 Ascraeiueteris
837 2012 1010 2091 praecepta
1033 2011 1162 2092 poetae,

399 2114 468 2191 Quo
493 2135 585 2199 seges
609 2114 643 2179 in
667 2135 797 2197 campo,·
817 2136 881 2198 quo
905 2112 989 2177 uiret
1011 2135 1075 2176 uua
1098 2115 1185 2198 iugo.

354 2221 432 2286 Tale
455 2221 535 2286 facis
560 2242 702 2300 carmen,
725 2221 821 2285 docta
844 2219 1005 2284 testudine
1030 2219 1124 2304 quale

751 2317 755 2324 ι

235 2310 237 2316 ’
309 2344 343 2391 80
398 2326 556 2413 Cynthius
579 2326 729 2410 inpositis
752 2329 913 2409 temperat
937 2325 1091 2390 articulis.

336 2557 415 2611 szr.
455 2561 497 2624 66,
508 2563 549 2612 66.
578 2553 852 2610 Donatusinuita
861 2551 992 2624 Vergilii:
1010 2552 1160 2608 ‘Aeneidos
1172 2553 1286 2608 uixdum
1297 2560 1425 2626 coeptae

267 2646 347 2698 tanta
366 2645 459 2699 extitit
477 2645 565 2713 fama,
583 2646 616 2698 ut
635 2644 734 2698 Sextus
748 2641 910 2712 Propertius
928 2659 982 2697 non
998 2641 1172 2696 dubitauerit
1185 2642 1224 2696 sic
1238 2645 1425 2712 praedicare:

265 2732 355 2787 cedite
372 2765 403 2772 —
419 2733 528 2788 Iliade'.
545 2732 699 2802 —recepti
728 2735 793 2786 sunt
817 2730 908 2784 eidem
935 2748 1032 2784 uersus
1060 2731 1089 2784 in
1119 2730 1221 2786 codicis
1245 2731 1423 2789 Salmasiani

267 2823 467 2892 anthologiam
487 2823 583 2890 (Anth.
602 2821 651 2876 lat.
670 2821 703 2874 R.
723 2819 825 2886 1764),

337 3019 406 3072 Vna.
425 3037 500 3072 naor.
538 3023 571 3072 66
590 3016 664 3086 grai,
682 3017 724 3070 ita
743 3021 761 3068 0
785 3017 795 3085 ΙΙ
818 3022 853 3070 66
872 3015 948 3084 quod
966 3021 990 3068 N
1003 3017 1012 3084 ΙΙ
1026 3021 1089 3070 aute
1107 3022 1140 3070 67
1156 3022 1307 3084 praeeunte
1325 3018 1420 3073 Lach·
1519 3018 1520 3035 ¹

266 3121 368 3159 manao
387 3107 515 3160 lacunam
533 3105 705 3173 sipiificaai3
724 3105 835 3158 uidetur
853 3121 912 3158 aaa
929 3119 990 3158 cam
1009 3109 1076 3172 apta
1102 3104 1221 3174 ¹Veryilii
1244 3107 1421 3162 adlocutione

266 3195 447 3249 intercidisse·
458 3195 523 3248 talis
545 3195 601 3261 sere
618 3194 764 3248 scatentia:
788 3209 872 3262 aeque
896 3197 987 3247 tamea
1007 3197 1117 3262 praeter
1134 3195 1239 3262 prande
1257 3199 1335 3248 taum
1352 3213 1420 3264 epos

266 3284 396 3338 cauendis
415 3283 553 3338 amoribus
571 3298 672 3336 uacare
690 3283 817 3348 noluisti3
841 3287 955 3336 ceteram
974 3286 999 3335 et
1012 3298 1059 3336 aaa.
1074 3297 1141 3350 seqq.
1162 3283 1287 3350 prauitas·
1301 3285 1419 3354 turbati,

266 3374 297 3428 ia
322 3389 437 3442 quoram
462 3371 674 3438 difficultatibus
697 3371 822 3424 tollendis
842 3374 904 3440 post
922 3370 1136 3425 Heimrec’ctium
1160 3373 1219 3440 (qai
1242 3377 1327 3426 totam
1351 3373 1418 3426 Ver·

218 3489 221 3495 ·
266 3463 330 3532 petii
342 3462 543 3532 pompaticam
555 3461 682 3529 spurium
697 3460 825 3528 paccata
842 3460 1012 3513 desudaraat
1027 3464 1050 3512 et
1064 3459 1297 3528 Heydeureiotias
1311 3462 1344 3516 de
1356 3477 1418 3514 sea-

266 3552 359 3607 teatiis
368 3551 489 3620 prolatis
503 3555 629 3605 accurate
643 3565 725 3618 opens
739 3550 781 3617 (ia
797 3550 865 3602 libro
883 3547 1128 3602 ‘commentationes
1142 3549 1304 3618 philologiae.
1320 3551 1419 3618 seips,

267 3639 410 3694 seminarii
423 3639 519 3707 philol.
535 3655 558 3692 r.
573 3637 727 3706 Lipsiensis
740 3635 870 3703 sodates’‚
890 3635 1006 3709 Lipsiae
1021 3641 1099 3704 1874,
1112 3655 1140 3706 p.
1155 3644 1171 3691 3
1185 3641 1253 3706 sqq.)
1267 3643 1293 3691 et
1308 3639 1419 3694 Mauro

269 3729 285 3780 i.
302 3729 319 3781 l.
333 3727 343 3795 ΙΙ
357 3732 389 3780 67
409 3727 546 3795 umbrosis
565 3727 659 3795 171168
680 3723 800 3795 Thyrsin
818 3728 892 3780 Vm.
912 3730 945 3779 2:
966 3723 1058 3778 Tirsiu
1075 3731 1097 3777 D
1113 3731 1136 3776 V
1155 3717 1255 3794 Tyrsiri
1269 3731 1293 3778 17
1313 3725 1419 3780 Tirsim

267 3820 288 3866 7
304 3816 309 3884 Ι
325 3813 417 3868 atritis
436 3822 471 3882 7),
487 3820 508 3866 7
526 3833 560 3870 oc.
582 3821 597 3869 1
618 3816 693 3883 (attr.
712 3831 745 3868 m.
766 3817 796 3883 2)
815 3816 818 3881 Ι
842 3813 946 3882 dapnin
964 3820 985 3865 F
1004 3814 1130 3884 daphnin
1148 3818 1171 3866 V
1191 3817 1196 3884 Ι
1220 3815 1338 3870 harund.
1357 3821 1382 3868 77
1410 3817 1420 3888 Η

268 3909 301 3958 69
321 3902 445 3974 puellam
465 3904 537 3957 Itali
559 3905 569 3971 ΙΙ
593 3909 626 3957 70
645 3902 782 3972 inpraesis
800 3909 824 3956 17
842 3903 924 3972 impr.
943 3911 964 3955 1)
979 3907 1002 3955 V
1018 3915 1022 3972 Ι
1038 3903 1126 3956 hedus
1145 3909 1166 3954 1²
1180 3909 1204 3956 N
1222 3905 1309 3958 aedus
1327 3909 1387 3957 117
1409 3907 1419 3978 11

268 3999 300 4047 71
320 3993 461 4048 mercatur
480 3990 661 4062 Schraderas,
683 4009 736 4062 quo
756 3998 863 4062 accepto
880 3991 932 4046 uili
950 4009 1035 4062 pomo
1054 3993 1237 4062 Koppiersius
1259 3996 1269 4063 ΙΙ
1285 3999 1326 4068 v'12
1345 3993 1419 4049 Huic

267 4085 446 4149 Vcorr.,1V:
465 4081 538 4136 Hinc
558 4086 576 4133 0
602 4078 607 4152 l
630 4081 742 4152 ingrate
760 4086 783 4134 V
813 4085 816 4152 l
846 4082 942 4136 titirus
961 4099 994 4136 ex
1013 4082 1102 4136 tituus
1121 4099 1189 4138 corr.
1209 4087 1230 4132 V
1248 4081 1344 4136 titirus
1362 4087 1387 4133 17
1412 4083 1416 4152 Ι

267 4171 326 4242 ipse
345 4177 365 4223 F
384 4189 417 4228 m.
438 4176 470 4240 2,
490 4174 513 4222 V
531 4187 583 4240 rap.
602 4187 636 4224 m.
656 4175 691 4226 2:
710 4169 773 4239 ipsa
792 4171 882 4240 01173
902 4170 932 4224 in
950 4172 1057 4225 tactum
1075 4177 1097 4223 1)
1112 4176 1133 4223 F
1149 4173 1153 4240 1
1170 4170 1285 4225 coridon
1303 4176 1324 4223 12
1339 4175 1362 4223 V
1375 4173 1416 4244 ΠΙ

268 4259 372 4314 alexim
390 4264 409 4311 0
429 4262 551 4328 (praeter
569 4259 604 4329 r)
625 4259 635 4327 {l
659 4264 693 4312 74
720 4256 831 4312 delitias
850 4264 871 4312 7
894 4260 904 4328 ΙΙ
928 4265 960 4313 76
979 4258 1124 4328 hamadry.
1144 4262 1167 4310 V
1185 4277 1219 4313 m.
1238 4265 1271 4315 2:
1291 4261 1418 4331 amadry.

268 4355 289 4399 1)
304 4353 326 4398 7
345 4347 459 4402 amadri.
478 4353 499 4398 17
513 4353 537 4400 17
550 4349 560 4416 7
575 4353 608 4402 78
627 4363 701 4401 seres
720 4353 740 4399 F
760 4365 793 4401 m.
813 4354 828 4401 1
846 4350 850 4418 l
867 4348 934 4419 una]
954 4348 1041 4402 herba
1058 4356 1079 4400 1>
1100 4351 1135 4416 (et
1152 4352 1175 4400 V
1195 4366 1244 4418 τηρ.
1264 4367 1298 4403 m.
1313 4354 1344 4420 2)
1359 4353 1369 4421 ΙΙ
1383 4357 1417 4405 79

268 4436 339 4491 iuter
357 4436 421 4488 test.
442 4441 467 4489 et
484 4436 579 4503 quales
597 4437 797 4505 iaterpuapaat
817 4444 838 4488 1>
853 4442 877 4489 17
890 4438 899 4507 fl
913 4441 947 4491 80
967 4437 1033 4506 imp.
1053 4444 1075 4488 1)
1089 4440 1133 4508 Vl
1148 4439 1260 4507 teporat
1277 4443 1302 4489 17
