3004 5068
243 297 308 352 VIII
667 295 944 353 PROLIIGOMENA

242 482 359 580 poema
373 459 507 544 incipiat
525 459 700 524 indicatum
720 459 771 526 sit.
802 461 843 526 ad
862 463 1002 529 aetatem
1021 459 1140 525 codicis
1160 461 1244 543 quod
1262 459 1413 543 attinet,

243 567 374 632 inmane
398 570 500 650 quant
500 589 555 632 um
579 567 763 632 extulerunt
786 567 918 652 priores.
960 590 999 634 ex
1023 566 1139 650 quibus
1163 566 1411 632 Lachmannus

243 672 531 792 etHertabergius
556 673 682 737 saeculo
707 671 786 738 XIII
810 672 985 757 uindicant,
1007 672 1070 738 XII
1094 673 1147 738 uel
1165 672 1245 738 XIII
1264 673 1411 738 Keilius

244 781 345 862 [obss
360 779 429 845 crit.
444 781 534 863 p..3]
561 779 644 844 nihil
662 780 747 875 enim
767 781 884 846 certius
903 802 999 864 quam
1014 779 1143 845 saeculo
1157 777 1218 844 XV
1233 779 1410 864 scriptum

245 909 314 954 esse
338 887 484 952 eundem.
520 885 606 969 quod
625 887 755 950 accurat
756 907 775 950 a
793 885 1065 970 disputabcneL.
1079 883 1257 956 Muellerus
1278 887 1408 970 [praef.
1495 795 1498 938 i

244 1018 274 1079 p
289 992 457 1074 VIH—X]
474 991 630 1057 ostendit·
602 995 758 1076 t,ncque
777 1013 847 1078 ege,
866 993 917 1058 cui
934 993 1004 1077 ipse
1023 992 1122 1057 codex
1142 992 1292 1058 abibliot
1277 993 1409 1066 thecae

245 1099 516 1184 Guelferbytanae
549 1097 713 1182 praefecto
744 1099 976 1167 humanissime
1005 1099 1175 1166 transmiss
1244 1121 1303 1184 per
1331 1100 1406 1167 hos

244 1228 372 1272 menses
405 1206 546 1271 aestiuos
573 1207 703 1288 praesto
735 1208 797 1289 est,
834 1206 983 1270 omnibus
1017 1227 1098 1290 quae
1126 1206 1159 1271 in
1225 1210 1406 1272 omentum

244 1315 379 1379 ueniunt
402 1334 474 1377 cum
498 1332 573 1374 cura
596 1310 766 1376 deliberat‘
741 1314 786 1375 tis
809 1312 903 1378 aliter
925 1311 1030 1378 iudico
1050 1333 1146 1396 quam
1166 1316 1289 1397 posta.
1305 1315 1405 1381 1430

244 1421 337 1488 illum
365 1422 532 1484 exaratum
563 1439 642 1483 esse.
694 1421 779 1483 certe
810 1417 900 1501 ipsae
931 1421 1038 1486 cartae
1068 1440 1134 1484 non
1167 1419 1290 1503 priores
1324 1443 1402 1487 sae

246 1528 318 1594 culo
341 1526 478 1611 XV3et
463 1526 664 1610 tscriptura
692 1525 753 1588 etsi
776 1524 882 1589 obiter
905 1524 1045 1590 intuenti
1074 1525 1237 1610 antiquior
1265 1527 1405 1595 uidetur

246 1655 324 1718 esse,
349 1655 444 1717 saepe
467 1635 578 1725 tamen
600 1631 712 1696 formis
737 1631 921 1695 litterarum
943 1631 1080 1696 nouieiis
1103 1632 1263 1697 iuniorem
1285 1632 1404 1717 prodit

247 1744 395 1806 aetatem.
418 1761 521 1823 neque
531 1742 641 1804 tamen
651 1738 862 1804 lrbrarrums
847 1737 974 1804 udrose
984 1739 1094 1804 1mrt
1095 1761 1148 1803 mn
1158 1741 1238 1823 puto
1253 1739 1402 1824 priscam

247 1846 408 1914 scribendi
437 1845 604 1910 rationem
641 1845 768 1910 liiterae
798 1845 881 1910 enim
911 1845 1053 1911 initiales
1077 1846 1240 1912 coloribus
1265 1845 1401 1930 quidem

246 1951 357 2037 (uiridi
375 1951 513 2016 maxime
538 1956 571 2016 et
593 1952 701 2036 rubro,
725 1953 823 2016 etiam
843 1951 1002 2038 caeruleo)
1023 1952 1177 2036 depictae,
1200 1973 1266 2024 non
1284 1955 1401 2026 tamen

247 2081 325 2124 auro
355 2057 526 2123 distinctae
554 2060 644 2143 sunt,
676 2082 738 2143 quc
767 2081 825 2143 per
853 2081 934 2133 saec
957 2057 1019 2127 XV
1042 2058 1225 2132 Florentiae
1255 2059 1399 2132 maxime

249 2165 397 2231 exornari
420 2165 577 2230 solebant
615 2164 753 2283 dumque
775 2164 876 2233 totius
898 2165 976 2230 libri
999 2165 1092 2232 habit
1079 2169 1145 2232 tum
1171 2166 1300 2249 saepius
1319 2188 1396 2235 cou-

246 2273 400 2356 templor,
429 2271 463 2335 in
490 2269 680 2335 memoriam
708 2273 860 2341 reuocata
887 2271 974 2340 cst
964 2291 1073 2356 rmago
1101 2271 1247 2337 codicum
1270 2273 1397 2357 aliquot

246 2379 281 2444 in
303 2377 401 2444 Italia
424 2377 576 2442 inferiore
600 2375 803 2460 scriptorum
845 2376 879 2440 in
901 2377 986 2442 hanc
1010 2377 1129 2462 quippe
1152 2381 1272 2449 terram
1292 2381 1396 2452 serius

247 2485 378 2550 inuecta
397 2485 448 2548 est
466 2504 517 2546 ars
536 2482 594 2546 illa
613 2482 715 2548 libros
734 2483 911 2550 exornandi
930 2483 1010 2560 diut
985 2486 1116 2569 t1usque
1133 2485 1168 2548 in
1187 2506 1225 2549 ea
1238 2487 1398 2553 remansit

250 2591 434 2656 litteratura
463 2587 645 2674 antiquior,
668 2611 749 2673 quae
777 2589 960 2658 commixtis
990 2591 1117 2657 demum
1145 2591 1232 2658 notis
1256 2595 1397 2663 uetustis

248 2720 319 2762 cum
347 2698 457 2761 recent
442 2695 530 2760 tibus
557 2695 717 2779 paulatim
745 2695 792 2786 ibi
820 2696 918 2762 cessit
939 2717 1053 2762 nouae.
1099 2700 1132 2764 et
1154 2697 1266 2781 quidni
1291 2721 1397 2767 suma·

248 2826 320 2870 mus
344 2801 516 2886 Neapolim
539 2801 640 2868 fuisse
669 2802 810 2885 patriam
837 2802 956 2871 codicis
984 2803 1109 2870 nostri?
1146 2804 1266 2890 legitur
1288 2806 1323 2869 in
1346 2807 1398 2872 ul-

250 2910 331 2975 tima
353 2909 473 2995 pagina
496 2909 613 2974 litteris
637 2931 740 2993 paene
764 2909 909 2974 euanidis
934 2910 989 2982 sed
1013 2911 1154 2995 antiquis
1178 2915 1308 2995 praeter
1330 2915 1397 2984 alia

248 3040 268 3085 a
291 3037 391 3085 manu
413 3016 535 3082 recenti
559 3016 679 3099 scripta
707 3038 826 3084 nomen
848 3017 993 3088 Marcili.
1038 3020 1168 3085 constat
1191 3022 1299 3088 autem
1321 3020 1397 3091 Ian-

249 3123 395 3192 uoctium
425 3122 563 3188 Manetti
597 3121 727 3188 doctum
761 3145 827 3188 non
861 3125 1040 3209 ignobilem
1076 3123 1215 3207 Neapoli
1248 3149 1276 3192 a.
1309 3127 1395 3192 1459

249 3230 335 3296 diem
363 3229 482 3296 obiisse
510 3251 705 3312 supremum.
747 3251 844 3313 porro
873 3228 1014 3314 Neapoli
1041 3231 1184 3300 codicem
1210 3231 1294 3302 uidit
1321 3255 1395 3298 con-

248 3337 387 3421 tulitque
409 3333 450 3400 N.
473 3333 641 3419 Heinsius,
672 3357 691 3400 a
718 3357 781 3421 quo
811 3335 865 3400 ille
887 3335 1098 3420 Neapolitani
1121 3359 1239 3408 nomen
1262 3340 1395 3422 accepit.

248 3445 329 3509 baec
355 3446 463 3509 autem
491 3442 530 3507 de
553 3443 628 3509 libri
651 3453 683 3509 N
706 3447 812 3509 aetate
840 3445 1001 3514 sententia
1027 3446 1156 3530 egregie
1186 3446 1395 3516 confirmatur

248 3551 377 3616 interno
411 3547 480 3613 eius
510 3547 625 3631 pretio.
675 3547 839 3614 deriuatus
870 3552 920 3616 est
951 3548 1007 3613 ille
1040 3549 1168 3633 quidem
1199 3573 1239 3618 ex
1270 3551 1396 3618 familia
1471 3589 1475 3598 ·

248 3668 279 3723 A
292 3667 328 3735 F,
347 3654 403 3720 sed
421 3654 576 3720 lectiones
595 3654 690 3720 huius
709 3655 857 3740 proprias
875 3676 978 3739 neque
997 3654 1135 3721 fideliter
1154 3661 1264 3724 seruat
1282 3657 1393 3728 accitis

250 3762 383 3828 alterius
407 3761 528 3826 classis*
540 3760 708 3845 scripturis
728 3759 789 3848 (sle
807 3762 912 3845 primo
933 3762 1044 3832 statim
1063 3785 1158 3829 uersu
1176 3765 1254 3846 cepit
1271 3773 1303 3828 N
1322 3786 1395 3829 cum

251 3866 360 3957 (D)V:
386 3868 459 3948 fecit
481 3864 557 3950 Ar)
586 3871 631 3951 et,
660 3867 903 3956 quodgrauius
932 3872 995 3952 est,
1021 3870 1170 3953 plurimis
1193 3869 1274 3938 locis
1297 3870 1394 3941 Italo-

249 4000 321 4043 rum
340 3976 539 4040 correeturas
558 3975 689 4060 recepit,
707 3996 773 4040 non
793 3975 954 4060 aequabili
973 3974 1006 4046 id
1024 3976 1152 4058 quidem
1172 3976 1277 4042 studio
1296 3981 1394 4060 utque

250 4083 356 4169 magis
371 4081 514 4166 eligeret,
533 4080 638 4167 siquid
656 4081 738 4146 bene
758 4081 788 4146 ei
802 4084 963 4149 mutatum
977 4081 1147 4147 uideretur.
1180 4083 1394 4169 nequeenim,

250 4192 287 4258 ut
305 4189 367 4254 hoc
386 4186 531 4273 adiciam,
554 4187 589 4251 in
613 4188 671 4252 illa
691 4187 817 4252 critices
840 4187 979 4254 infantia
1002 4187 1176 4272 quidquam
1195 4189 1295 4255 habet
1312 4191 1395 4275 miri,

251 4295 337 4382 quod
365 4317 438 4359 cum
468 4295 571 4358 multa
598 4293 681 4357 uitia
709 4294 875 4359 demerent
898 4294 962 4360 alia
984 4296 1074 4362 mille
1097 4295 1323 4381 relinquebant
1350 4296 1393 4362 in·

251 4404 352 4484 tacta3
392 4403 425 4464 et
461 4400 495 4463 in
532 4400 680 4466 omuibus
717 4400 809 4466 libris
848 4401 1052 4486 interpolatis
1083 4402 1145 4467 hoc
1177 4425 1238 4470 usu
1269 4402 1395 4470 uenisse

1494 724 1499 1238 l

1496 1551 1499 1710 ι

1497 1689 1499 1836 l
