3052 5044
279 325 325 390 44
637 325 834 381 PROPERTII
852 327 920 381 LIB.
938 327 973 380 II.
993 333 1018 382 4.
1038 332 1063 382 ὅ.

415 489 490 556 Non
513 489 718 556 Perimedeac
743 491 890 574 gramina
913 493 1005 556 cocio
1027 513 1151 557 manus.

371 595 497 680 Quippe
520 597 576 661 ubi
598 619 658 662 nec
682 619 796 663 causas
818 619 878 662 nec
901 601 1030 682 apertos
1055 598 1215 663 cernimus
1238 600 1343 684 icius,

326 720 360 768 ao
415 702 507 768 Unde
531 706 639 768 lamen
663 705 796 770 ueniant
817 707 869 770 boi
892 705 980 770 mala
1003 726 1097 770 caeca
1119 707 1175 770 uia
1198 709 1256 770 esi.

372 808 449 874 Non
472 813 547 892 egei
569 809 622 874 hic
645 810 792 894 medicis,
815 832 882 875 non
905 811 998 875 lecbis
1021 812 1174 877 mollibus
1199 834 1312 899 aeger,

414 914 499 979 Huic
522 915 649 979 nullum
672 916 752 980 caeli
774 919 903 1000 tempus
927 918 961 980 eb
985 939 1063 982 aura
1085 923 1192 984 nocet:

370 1022 538 1100 Ambulab‚
563 1026 596 1086 eb
611 1022 727 1105 subibo
751 1025 912 1089 mirantur
933 1024 1031 1088 funus
1055 1025 1164 1090 amici:

415 1126 468 1194 Sic
493 1133 543 1194 esi
565 1130 746 1212 incautum,
768 1129 920 1214 quicquid
942 1130 1082 1195 habetur
1107 1154 1204 1198 amor.

328 1233 458 1300 25Nam
482 1236 533 1300 cui
555 1259 622 1301 non
645 1258 706 1321 ego
730 1259 801 1301 sum
824 1236 934 1301 fallaci
957 1239 1103 1321 praemia
1126 1239 1216 1303 uati?

416 1342 505 1417 Quae
528 1365 601 1408 mea
623 1365 691 1408 non
714 1343 819 1409 decies
844 1345 970 1409 somnia
993 1349 1103 1409 uersat
1127 1346 1228 1410 anus?

371 1448 486 1514 Hostis
511 1449 538 1514 si
562 1451 632 1534 quis
657 1451 718 1515 orii
740 1451 849 1534 nobie,
873 1454 960 1514 amei
982 1450 1036 1515 ille
1059 1453 1196 1532 puellas:

415 1554 563 1621 Gaudeat
585 1557 620 1621 in
642 1579 757 1642 puem,
781 1557 809 1622 si
833 1558 904 1642 quis
929 1559 1051 1622 amicus
1076 1560 1146 1624 erit.

368 1661 560 1748 Tranquillo
584 1667 655 1728 iuba
679 1664 844 1729 descendis
867 1664 1000 1730 flumine
1024 1667 1151 1750 cymba:

323 1785 357 1832 30
412 1768 495 1845 Quid
519 1773 580 1836 tibi
602 1776 671 1837 iam
694 1773 788 1857 parui
812 1773 919 1837 litoris
944 1773 1029 1838 unda
1052 1775 1168 1840 nocei?

371 1876 464 1941 Alber
488 1901 585 1964 saepe
608 1903 673 1946 uno
697 1881 802 1944 mubai
824 1881 1012 1964 praecordia
1035 1882 1147 1965 uerbo,

412 1985 526 2051 Altera
549 1989 604 2052 uix
627 1989 700 2071 ipso
725 1986 881 2072 sanguine
904 1987 1013 2051 mollis
1038 1988 1108 2051 erit.

748 2221 960 2228 η..-

833 2400 875 2472 V.

368 2553 440 2620 Hoc
462 2578 575 2620 uerum
598 2558 661 2639 esi,
684 2559 755 2620 ioia
777 2560 810 2620 ie
833 2557 924 2640 ferri,
949 2558 1104 2642 Cynthia,
1127 2556 1244 2635 Roma,

413 2662 457 2728 Ei
479 2685 546 2728 non
567 2663 683 2748 ignota
705 2663 814 2728 uiuere
837 2664 1004 2748 nequitia?
1197 2655 1199 2658 ’

368 2768 458 2833 Haec
481 2771 582 2834 merui
607 2770 757 2854 sperare?
781 2769 873 2835 dabis
897 2771 990 2856 mihi,
1014 2771 1150 2856 perfida,
1173 2793 1305 2855 poenas:

412 2875 457 2940 Ei
479 2878 572 2942 nobis
599 2878 721 2962 aliquo,
746 2875 902 2962 Cynthia,
924 2881 1042 2942 uentus
1066 2879 1135 2944 crib.

342 2981 535 3047 slnueniam
558 2987 670 3048 tamen
693 3007 709 3048 e
732 2984 843 3049 multis
866 2983 1038 3048 fallacibus
1062 3007 1173 3064 unam,

413 3087 502 3164 Quae
525 3091 596 3154 fieri
618 3093 731 3155 nosiro
755 3091 897 3156 carmine
920 3091 1114 3175 notanabi,
1226 3130 1230 3139 ·

368 3194 435 3260 Nec
459 3197 539 3261 mihi
562 3200 632 3262 iam
656 3198 743 3263 duris
767 3198 905 3262 insuliei
929 3198 1085 3276 moribus,
1110 3201 1142 3262 ei
1164 3202 1197 3261 ie

353 3443 418 3498 Vas.
438 3463 512 3500 nnec.
560 3449 593 3498 18
621 3462 671 3514 per
694 3444 830 3513 mede(a)e
853 3449 886 3512 0,
914 3460 982 3498 corr.
1002 3445 1087 3509 Iiuli;
1114 3443 1279 3500 Pen‘medea
1294 3476 1326 3486 -
1342 3463 1430 3501 manu

279 3532 410 3587 Murrius
425 3535 429 3602 Ι
446 3535 524 3588 secia
538 3534 730 3589 Broulrbnsius
748 3532 817 3587 triba
831 3533 966 3587 Heinsius
979 3535 990 3602 11
1005 3538 1037 3586 19
1056 3531 1115 3604 ubi]
1133 3531 1187 3586 bibi
1200 3541 1222 3586 1)
1237 3536 1273 3603 (ei
1287 3539 1309 3586 V
1323 3552 1357 3591 m.
1373 3535 1430 3604 1?)

219 3683 220 3686 1
278 3620 318 3676 ibi
336 3625 359 3673 V
378 3640 411 3678 en
429 3639 497 3678 corr.
530 3625 541 3692 11
573 3628 607 3676 20
630 3620 766 3676 ueniaiD
798 3623 808 3690 11
836 3627 868 3674 22
889 3625 918 3675 cb
936 3638 985 3677 orn.
1005 3626 1028 3672 V
1046 3626 1115 3676 na1
1144 3623 1154 3690 1
1181 3627 1215 3675 23
1234 3625 1382 3677 murentur
1402 3627 1430 3692 (o

150 3691 185 3766 0
277 3726 401 3778 saproc
419 3729 453 3767 ru.
473 3714 504 3780 2)
522 3717 557 3778 r,
585 3712 634 3780 qni
660 3727 711 3780 ny.
731 3718 804 3766 na2
832 3713 870 3764 al.
889 3712 1041 3764 mostratur
1057 3713 1061 3778 1
1078 3710 1200 3765 subitum
1219 3710 1354 3765 miramur
1371 3713 1391 3766 f.
1414 3729 1430 3771 ς

278 3798 413 3853 Heinsius
430 3801 527 3854 uiuum
546 3819 583 3854 m.
602 3799 621 3854 f.
643 3800 831 3854 Mandonius
850 3801 861 3868 11
882 3805 915 3852 25
933 3799 1051 3868 praeuia
1068 3807 1090 3852 1)
1104 3803 1127 3849 V
1146 3801 1188 3868 (in
1206 3800 1256 3854 boc
1269 3817 1324 3869 ray.
1344 3819 1378 3854 τη.
1399 3809 1429 3869 2,

278 3889 310 3941 in
327 3894 349 3939 1)
367 3904 419 3957 ny.
438 3904 472 3944 nr.
491 3894 507 3941 1
523 3904 577 3957 pro
596 3905 658 3942 nar.
682 3889 737 3942 leci.
762 3889 897 3958 praemia)
924 3889 934 3956 11
967 3893 1001 3941 27
1028 3887 1077 3942 ille
1095 3891 1168 3941 NV:
1192 3887 1253 3958 ipse
1271 3895 1327 3942 nr
1355 3891 1365 3958 1
1392 3897 1429 3944 29

278 3977 423 4032 descendit
440 3982 461 4029 r
478 3994 512 4031 nr.
532 3982 547 4029 1
566 3980 569 4044 1
586 3975 677 4030 cimba

349 4083 383 4137 V.
420 4085 452 4138 in
474 4088 532 4136 nn
557 4084 682 4138 adhuern
704 4084 794 4152 priori
813 4084 931 4137 carmini
956 4083 1109 4151 (separauit
1127 4087 1152 4133 R
1169 4099 1203 4137 rn.
1223 4085 1267 4152 2),
1296 4101 1371 4139 wne
1394 4087 1428 4139 in

277 4180 299 4225 1)
315 4176 337 4223 V
356 4173 442 4243 siccin
460 4190 521 4227 curn
540 4173 619 4226 titulo
639 4171 674 4226 ad
694 4170 838 4241 cynthiam
869 4172 879 4240 11
910 4178 926 4225 3
958 4171 1019 4225 Hoc
1042 4172 1155 4242 uirynla
1178 4171 1276 4242 addila
1299 4174 1331 4227 in
1350 4174 1428 4228 Haec

279 4266 388 4314 corn!
418 4263 421 4328 1
456 4261 526 4316 mihi
544 4269 566 4314 1)
581 4266 617 4315 V:
636 4261 675 4313 mi
694 4266 752 4313 nn
779 4263 789 4330 11
816 4267 833 4313 4
857 4260 953 4328 aliquo
970 4260 1009 4316 H.
1028 4260 1150 4315 Bosscbu
1173 4265 1199 4314 rt
1216 4261 1427 4317 Lachmannns:

277 4347 373 4415 aquilo
393 4354 412 4401 0
430 4351 487 4405 alio
506 4350 688 4404 Burmannus
710 4352 724 4419 1
751 4349 900 4404 standan
919 4349 1084 4404 Fonteinius
1106 4351 1116 4418 1
1140 4356 1155 4403 7
1174 4349 1214 4403 H⁰
1231 4356 1265 4419 r,
1285 4367 1353 4406 corr.
1371 4369 1427 4422 my.

279 4454 313 4491 m.
334 4442 354 4492 2
