3046 5032
515 330 712 387 Puornnrn
730 329 796 388 LIB.
816 331 863 388 ΠΙ.
884 337 926 389 17.

655 605 767 679 XVII.

224 763 332 846 Nunc,
356 786 375 828 o
399 763 539 848 Bacche,
562 765 627 828 tuis
651 764 790 829 humiles
814 763 1018 829 aduoluimur
1041 762 1119 826 aris:

271 871 323 935 Da
347 871 428 935 mihi
451 875 567 956 pacato
591 873 664 937 uela
688 871 841 955 secunda,
863 875 964 956 pater.

225 977 274 1042 Tu
296 982 391 1062 potes
415 979 548 1044 insanae
571 978 708 1044 Veneris
733 999 936 1062 compescere
959 977 1080 1061 fastus,

268 1082 489 1170 Ourarumque
512 1089 570 1151 tuo
593 1087 631 1150 fit
652 1085 812 1150 medicina
835 1107 933 1150 mero.

197 1189 285 1255 sPer
307 1194 340 1254 te
364 1191 555 1275 iunguntur,
578 1212 636 1276 per
659 1193 692 1256 te
716 1193 888 1256 soluuntur
908 1195 1069 1262 amantes:

269 1297 319 1360 Tu
343 1298 459 1362 uitium
482 1321 521 1362 ex
546 1298 654 1364 animo
678 1298 779 1379 dilue,
803 1298 942 1382 Bacche,
965 1320 1047 1363 meo.

224 1403 270 1468 Te
294 1426 420 1488 quoque
445 1404 531 1468 enim
553 1426 619 1469 non
641 1427 713 1469 esse
737 1405 849 1471 rudem
872 1408 1011 1469 testatur
1034 1404 1069 1468 in
1092 1405 1189 1468 astris

269 1511 430 1596 Lyncibns
454 1514 494 1577 ad
518 1514 641 1578 caelum
665 1517 759 1578 uecta
782 1511 926 1578 Ariadna
950 1513 1025 1576 tuis.

224 1618 295 1683 Hoc
319 1619 412 1704 mihi,
436 1621 522 1704 quod
545 1624 671 1685 ueteres
695 1619 837 1686 custodit
860 1620 894 1682 in
917 1618 1046 1683 ossibus
1070 1619 1177 1703 ignes,

182 1741 214 1790 10
268 1725 394 1791 Funera
417 1725 579 1793 sanab'unt
601 1732 658 1792 aut
681 1732 738 1793 tua
760 1729 836 1791 uina
859 1727 990 1791 malum.
1015 1770 1045 1829 4

224 1830 358 1917 Semper
381 1835 466 1898 enirn
491 1857 610 1900 uacuos
634 1857 698 1900 nox
722 1834 831 1900 sobria
854 1835 987 1917 torquet
1010 1836 1172 1915 amantes,

269 1937 412 2024 Spesque
435 1941 595 2026 timorque
619 1943 761 2006 animum
784 1944 894 2005 uersat
917 1940 1080 2022 utrimque
1104 1960 1219 2002 meum.

225 2047 318 2123 Quod
342 2049 384 2126 si,
407 2048 548 2132 Bacche,
571 2050 636 2114 tuis
659 2072 717 2133 per
738 2049 865 2113 feruida
886 2050 1033 2130 tempora
1055 2046 1149 2110 donis

268 2153 453 2220 Accersitus
477 2157 539 2220 erit
562 2178 694 2221 somnus
717 2157 752 2220 in
775 2178 848 2220 ossa
871 2177 957 2237 mea,

181 2261 298 2346 151pse
322 2284 427 2327 seram
451 2248 534 2327 uites
559 2285 761 2348 pangamque
785 2285 823 2326 ex
847 2261 958 2326 ordine
982 2260 1094 2345 colles,

269 2370 355 2446 Quos
378 2373 515 2454 carpant
537 2371 646 2434 nullae
669 2393 721 2434 me
745 2369 900 2454 uigilante
923 2368 1020 2432 ferae.

223 2476 309 2540 Dum
333 2477 429 2541 modo
452 2499 614 2560 purpureo
639 2481 789 2561 spument
812 2475 892 2540 mihi
916 2475 1004 2540 dolia
1027 2478 1134 2540 musto

267 2583 312 2647 Et
334 2606 420 2648 noua
443 2584 621 2667 pressantis
645 2583 792 2667 inquinet
814 2604 878 2646 uua
900 2581 1015 2665 pedes,

224 2689 316 2765 Quod
340 2693 487 2772 superest
509 2690 611 2771 uitae,
635 2712 694 2773 per
715 2693 748 2754 te
772 2691 805 2752 et
827 2691 884 2751 tua
907 2709 1028 2752 cornua
1051 2688 1174 2772 uiuam,

179 2814 215 2862 ao
268 2796 471 2882 Virtutisque
494 2801 584 2879 tuae,
606 2797 747 2881 Bacche,
770 2799 866 2880 poeta
888 2796 983 2860 ferar.

223 2903 337 2967 Dicam
361 2924 421 2988 ego
446 2906 608 2967 maternos
632 2902 781 2968 Aetnaeo
799 2903 939 2988 ‘fulmine
964 2906 1089 2986 partus,

266 3009 377 3075 Indica
398 3010 537 3094 Nysaeis
561 3033 651 3074 arma
672 3010 788 3094 fugata
811 3009 932 3092 choris,

221 3117 450 3203 Vesanumque
473 3140 560 3183 noua
582 3117 795 3203 nequicquam
818 3118 853 3181 in
876 3116 943 3181 uite
966 3116 1165 3204 Lycurgum,

204 3382 271 3434 Vsa.
292 3401 366 3436 Lacr.
404 3383 490 3437 XVII.
532 3381 617 3436 Noae
636 3383 720 3450 αἰθρία
739 3398 799 3435 cam
817 3382 898 3435 titulo
917 3381 952 3435 ad
971 3382 1130 3450 bacc(h)um
1149 3385 1180 3437 e'n
1199 3385 1279 3452 0111

124 3469 221 3526 bache
240 3487 342 3540 semper
360 3477 384 3524 V
404 3474 488 3527 bacce
507 3479 528 3525 V
547 3489 580 3528 m.
601 3478 616 3526 1
640 3475 650 3542 ΙΙ
673 3473 810 3540 2pacato
828 3475 860 3524 0:
879 3471 1017 3525 bacchato
1036 3476 1059 3523 V
1077 3488 1128 3541 τηρ.
1148 3489 1182 3526 m.
1201 3477 1221 3527 2
1240 3474 1280 3541 μ

126 3561 170 3614 sit
187 3566 222 3625 D,
240 3565 277 3627 et,
296 3566 327 3614 ut
345 3563 417 3628 eid„
436 3566 459 3613 V
477 3579 511 3614 m.
531 3564 571 3630 111
592 3569 608 3616 6
627 3561 751 3616 baccar
778 3564 788 3630 ss
816 3567 831 3614 7
856 3559 886 3613 in
906 3560 1001 3630 astris]
1021 3561 1123 3615 amoris
1140 3561 1280 3616 Burman·

126 3666 187 3704 raus
199 3649 238 3716 [18
256 3649 388 3704 Lincibus
406 3656 427 3703 V
443 3654 447 3719 Ι
463 3649 581 3704 adriana
599 3656 619 3702 V
638 3649 775 3719 adriagna
792 3650 839 3718 ΙΙΙ
855 3655 887 3702 10
906 3649 967 3720 aut]
986 3651 1056 3702 utr
1078 3652 1089 3719 ΙΙ
1113 3655 1144 3703 11
1166 3651 1281 3721 Semper

127 3756 166 3793 ca
185 3737 256 3807 Sepe
275 3754 344 3793 corr.
359 3740 384 3790 ’Β
414 3742 418 3807 Ι
444 3745 514 3808 pato
533 3739 633 3794 uiduor
651 3740 695 3793 acl
712 3754 817 3793 uacuos
836 3755 890 3793 nox
909 3738 999 3792 somni
1025 3741 1035 3810 ΙΙ
1063 3746 1096 3793 12
1115 3739 1240 3794 animum
1258 3745 1281 3792 V

127 3846 167 3882 m.
186 3833 206 3882 2
225 3843 311 3882 cora:
331 3827 425 3883 animo
444 3833 464 3881 0
483 3829 591 3884 animos
611 3830 746 3884 Heinsius
774 3832 778 3897 Ι
807 3828 926 3884 uexats
955 3830 960 3898 1
989 3829 1119 3898 utrinque
1138 3847 1232 3885 meum
1251 3845 1281 3888 s:

127 3918 250 3986 utroque
269 3917 353 3972 modo
373 3922 405 3983 0;
424 3920 519 3972 malim
536 3918 676 3987 utrimque
695 3918 786 3971 malus
813 3919 822 3986 ΙΙ
852 3923 883 3971 13
909 3918 1034 3973 baccar
1068 3921 1072 3988 Ι
1108 3925 1140 3974 15
1168 3919 1280 3974 uites!

126 4025 166 4061 m,
185 4008 273 4074 11117
293 4009 424 4076 spument
442 4023 471 4064 ςε
491 4025 593 4062 numen
611 4015 632 4060 D
647 4014 671 4061 V
684 4012 707 4059 V
725 4007 792 4061 nffie
810 4010 854 4076 ἙΙΙ
870 4012 902 4060 18
921 4007 1030 4077 ps'antis
1047 4013 1071 4060 K
1087 4008 1216 4076 {inquiet
1233 4015 1254 4060 r
1275 4007 1278 4078 t

127 4112 189 4151 una
206 4102 227 4148 Β
246 4113 316 4150 urna
334 4102 355 4147 D
375 4096 456 4165 (idon
473 4113 675 4166 mpprouar.
695 4098 839 4165 lectuna)
865 4097 875 4164 ΙΙ
903 4101 935 4150 19
963 4097 1052 4167 uitae]
1075 4097 1134 4150 inte
1153 4102 1186 4162 V,
1210 4112 1278 4150 corr.

127 4201 183 4254 my.
202 4203 235 4238 m.
255 4189 274 4238 2
297 4186 307 4252 ΙΙ
332 4191 364 4238 19
384 4186 480 4252 perte
499 4187 596 4239 ettua
615 4189 646 4238 0:
666 4186 763 4241 ctdcl.
782 4185 979 4239 Lachmaaaus
999 4187 1009 4253 ΙΙ
1032 4185 1278 4254 schaccorum

125 4275 263 4328 heterneo
282 4278 302 4324 V
322 4272 425 4328 ethneo
442 4278 467 4324 V
496 4275 499 4340 Ι
529 4272 646 4340 fulmine
665 4277 688 4324 V
706 4289 789 4341 cora,
813 4279 849 4327 V:
873 4272 1025 4327 flumineo
1053 4275 1063 4344 [Ι
1090 4279 1123 4327 22
1156 4272 1279 4328 niseisr

125 4361 224 4430 nyssis
243 4364 322 4416 ceteri
338 4363 342 4430 Ι
359 4360 430 4416 coris
448 4367 469 4415 r
487 4362 576 4416 thoris
594 4366 617 4413 V
635 4380 668 4416 m.
689 4367 704 4416 1
719 4364 776 4431 1123
795 4361 978 4429 nequisquam
993 4367 1014 4415 r
1028 4380 1062 4416 m.
1077 4367 1093 4418 1
1109 4362 1277 4435 nequiquam

127 4455 156 4505 IV
171 4451 175 4520 Ι
191 4450 333 4539 ligurgum
351 4457 372 4505 V
390 4453 540 4523 lygurgum
558 4457 582 4504 Π
