3004 5068
498 347 782 406 Paonaeonnnn.
1175 351 1215 405 IX

56 513 233 600 uidemus,
256 518 294 580 ut
319 517 416 598 prout
438 513 648 580 uarialeetio
673 513 897 578 coniecturaue
921 535 992 578 sese
1016 513 1218 580 commenda-

53 621 115 686 bat
142 621 274 688 scribae
303 621 511 706 reciperetur:
540 620 759 686 constantiam
789 619 911 686 scilicet
939 619 1048 686 iudicii
1071 642 1090 684 a
1113 619 1217 686 doctis

52 728 123 794 illis
156 729 196 794 in
224 732 294 794 arte
323 728 502 793 etiamtum
529 726 662 792 rudibus
691 727 823 792 minime
846 727 999 792 debemus
1023 731 1219 812 exspectare.

55 833 180 919 itaque
203 838 431 919 praeterquam
459 831 545 919 quod
568 855 664 917 saepe
689 833 847 899 secundae
870 833 1015 900 familiae
1039 834 1216 918 scripturas

53 940 181 1028 elegit,
209 951 241 1006 N
269 942 390 1006 multas
419 961 546 1026 quoque
573 939 775 1006 coniecturas
804 963 823 1004 a
850 939 1217 1008 1116111166611111161111ΙΙ

54 1048 132 1113 etV
144 1047 330 1132 adscriptas
344 1048 482 1114 inseruit
494 1047 607 1113 textui.
635 1050 712 1114 sunt
724 1048 823 1114 etiam
837 1067 950 1113 uersus
965 1045 1122 1131 nonnulli,
1137 1069 1217 1132 quos

54 1153 132 1217 siue
150 1153 193 1218 de
208 1175 267 1220 suo
283 1155 352 1220 siue
367 1177 406 1220 ex
420 1155 510 1220 fonte
524 1154 619 1219 nobis
633 1154 746 1240 ignoto
761 1153 901 1220 mutauit
915 1153 942 1218 is
962 1153 1017 1238 qui
1030 1162 1062 1218 N
1077 1153 1217 1237 scripsit.

54 1258 186 1342 quodsi
209 1259 285 1326 talis
308 1261 384 1325 libri
407 1264 475 1326 tam
494 1260 636 1345 suspecti
660 1261 767 1326 uarias
792 1260 947 1326 lectiones
971 1281 1083 1325 omncs
1107 1261 1141 1324 in
1164 1283 1218 1345 ap

53 1369 186 1448 paratu
212 1369 327 1431 nostro
357 1367 468 1434 critico
500 1367 718 1452 exhibuimus,
746 1367 871 1433 duabus
899 1365 932 1432 id
960 1368 1064 1432 causis
1095 1368 1218 1434 factrrm

58 1475 125 1537 est.
166 1473 309 1558 primum
329 1473 415 1538 enim
432 1493 499 1538 non
516 1474 630 1538 inutile
649 1477 700 1538 est
717 1473 834 1555 uisum,
858 1472 1029 1538 manifesto
1050 1474 1218 1540 ostendere

54 1580 215 1663 exemplo
245 1582 402 1664 quantum
429 1579 602 1646 discrimen
629 1579 758 1647 intersit
785 1579 870 1644 inter
897 1579 1001 1646 bonos
1031 1579 1156 1646 codices
1185 1584 1218 1646 et

57 1685 297 1769 interpolatos3
320 1683 436 1750 deinde
459 1707 536 1753 uero
560 1686 593 1750 in
617 1685 714 1771 longe
731 1685 854 1752 maiore
871 1691 965 1770 parte
985 1687 1085 1752 codex
1104 1687 1217 1752 unicus

59 1801 89 1856 F
114 1791 215 1858 nobis
243 1795 468 1874 repraesentat
488 1793 631 1876 priorem
654 1792 829 1875 familiam,
866 1793 917 1858 cui
946 1793 1071 1877 plenius
1102 1814 1220 1879 cogno-

56 1899 205 1964 scendae
219 1896 363 1964 eiusdem
378 1898 490 1982 stirpis
508 1899 591 1964 liber
604 1909 636 1965 N
655 1901 767 1982 utpote
786 1899 1057 1983 interpolatorum
1076 1900 1217 1984 optimus

57 2004 191 2090 aliquid
220 2003 330 2070 saltim
362 2005 495 2070 confert.
540 2027 735 2090 quamquam
766 2007 874 2070 autem
904 2027 971 2072 non
1000 2027 1149 2070 ueremur
1178 2027 1218 2070 ne

56 2111 137 2194 quis
161 2110 303 2195 prudens
326 2114 526 2195 pertractata
548 2109 690 2175 editione
708 2114 820 2175 nostra
839 2109 993 2174 honorem
1015 2133 1035 2176 6
1053 2111 1216 2194 prioribus

57 2218 226 2283 tributum
255 2214 476 2299 Neapolitano
509 2220 541 2282 et
567 2217 637 2301 ipse
665 2216 802 2294 tribuat,
834 2219 943 2283 tamen
973 2239 1086 2282 eorum
1119 2239 1217 2282 causa

56 2323 121 2408 qui
149 2322 259 2389 minus
288 2321 322 2386 in
349 2321 400 2386 his
433 2322 677 2407 quaestionibus
706 2324 782 2386 sunt
810 2322 980 2388 exercitati
1009 2344 1076 2388 non
1108 2305 1216 2408 super-

56 2430 167 2494 fluum
191 2427 319 2498 uidetur
342 2428 476 2514 adicere,
498 2451 657 2514 nusquam
681 2427 854 2513 quidquam
878 2449 948 2496 esse
967 2429 1107 2496 dandum
1126 2430 1215 2497 illius

60 2534 264 2603 lectionibus
285 2534 331 2598 eis
350 2535 466 2619 quibus
485 2537 664 2600 ceterorum
683 2535 841 2599 librorum
860 2535 1020 2600 bonorum
1039 2557 1215 2602 consensus

60 2643 194 2707 obstet:
218 2641 273 2706 ubi
297 2641 387 2706 solus
409 2662 468 2724 pro
493 2662 527 2705 se
552 2643 619 2706 stat
635 2650 676 2724 N,
700 2661 797 2706 sanae
816 2640 897 2705 artis
916 2647 1089 2729 praecepta
1108 2645 1216 2711 omnia

58 2748 204 2814 suadent
222 2769 262 2812 ne
283 2747 360 2832 quid
374 2747 499 2831 priscae
519 2748 698 2831 scripturae
716 2747 801 2812 forte
819 2745 950 2812 fortuna
968 2754 1134 2816 seruatum
1152 2755 1217 2816 sta-

59 2858 207 2934 tuamus
231 2854 288 2920 sed
310 2857 348 2918 ut
370 2854 549 2924 inmutatae
572 2875 774 2939 quocumque
793 2853 889 2920 modo
908 2857 1027 2926 ueteris
1041 2860 1217 2926 memoriae

59 2962 210 3046 uestigia
232 2959 497 3048 agnoscamus*).

155 3068 261 3134 Multo
285 3069 384 3134 etiam
408 3068 515 3152 magis
539 3091 636 3153 quam
658 3078 691 3133 N
713 3070 902 3156 interpolati
925 3076 1001 3137 sunt
1025 3073 1125 3138 ceteri
1148 3097 1216 3140 sae-

59 3175 129 3240 culi
153 3173 217 3240 XV
240 3174 315 3239 libri
342 3173 475 3259 cogniti.
516 3195 593 3240 nam
621 3178 655 3240 et
682 3176 727 3260 ei,
750 3199 789 3242 ex
812 3179 929 3262 quibus
953 3179 1128 3244 anteriores
1153 3179 1217 3245 edi-

57 3285 155 3346 tores
183 3280 293 3348 uarias
321 3281 526 3365 protulerunt
552 3281 722 3366 lectiones,
755 3286 788 3347 et
816 3307 897 3368 quos
925 3285 989 3369 ipsi
1016 3286 1216 3369 inspeximus

58 3409 122 3472 per
148 3386 353 3454 diuersorum
379 3389 532 3454 itinerum
559 3390 835 3472 opportunitatem
864 3395 921 3457 aut
947 3391 986 3456 de
1017 3393 1132 3476 quibus
1155 3394 1217 3460 uiri

62 3494 157 3560 docti
180 3495 287 3578 rogati
309 3517 369 3560 nos
394 3496 545 3562 certiores
569 3495 723 3581 fecerunt,
745 3495 780 3560 hi
803 3498 936 3583 inquam
960 3497 1085 3563 codices
1104 3521 1216 3564 omnes

58 3600 160 3686 parui
177 3601 340 3667 nulliusne
358 3602 456 3686 pretii
475 3605 571 3686 atque
591 3623 630 3666 611
653 3601 776 3668 maiore
799 3607 892 3687 parte
915 3603 1061 3687 proiecta
1083 3606 1215 3670 uiliores

63 3710 146 3774 sunt
176 3707 263 3792 alga.
303 3708 412 3773 nullus
440 3729 552 3773 eorum
576 3708 714 3773 alteram
736 3712 844 3775 utram
868 3709 1026 3775 familiam
1049 3732 1129 3793 pure
1152 3712 1217 3778 sin·

2 3809 3 3818 ¹
60 3833 200 3898 cereque
229 3813 347 3898 reddit,
375 3813 431 3878 sed
458 3816 583 3882 textum
612 3835 650 3880 ex
677 3817 814 3898 utraque
842 3815 947 3900 magis
970 3815 1119 3882 minusue
1143 3840 1217 3883 oon·

60 3921 181 3986 flatum
209 3921 366 4004 nouisque
396 3922 562 4002 turpatum
593 3924 625 3986 et
655 3921 818 3987 erroribus
848 3924 880 3989 et
907 3920 1216 4005 interpolationibus

141 4112 169 4184 *)
188 4112 218 4167 in
237 4113 346 4168 solare
366 4113 585 4183 orthographica
608 4112 667 4168 fieri
691 4116 786 4184 potest
804 4116 836 4168 ut
854 4114 920 4169 libri
938 4120 962 4167 N
980 4114 1142 4170 testimonia
1161 4115 1218 4170 sin·

65 4199 183 4274 gularia
196 4201 280 4256 fidem
295 4202 462 4271 mereantur,
482 4218 544 4255 eum
563 4201 592 4256 in
611 4201 662 4256 illa
680 4203 727 4256 uel
744 4202 900 4257 fidelissimi
918 4205 1012 4257 cetera
1029 4203 1137 4258 librarii
1156 4222 1215 4260 sae·

62 4293 127 4364 pius
143 4307 224 4346 suam
239 4288 329 4344 secuti
343 4287 400 4344 sint
413 4288 643 4344 consuetudinem
658 4290 830 4360 minimeque
846 4291 900 4346 sibi
915 4291 1098 4348 const'terint.
1129 4311 1216 4362 quare

63 4383 94 4437 in
118 4380 165 4435 his
183 4376 365 4448 Neapolitani
393 4377 512 4432 scribam
536 4378 612 4432 haud
631 4379 774 4434 indoctum
794 4380 931 4452 certisque
951 4398 1032 4439 usum
1051 4382 1156 4440 normis
1174 4384 1216 4440 in·
1297 4379 1303 4388 '

63 4469 176 4527 terdum
194 4466 312 4524 meliora
330 4483 456 4523 seruasse
474 4462 643 4538 non'inepte
662 4484 763 4525 sumes.
