3004 5068
282 277 398 332 XLVIII
710 276 997 332 PROLEGOMENA.

279 442 475 526 querebatur
502 442 540 504 de
569 442 655 506 tristi
678 440 805 506 Venere
833 444 944 506 noctes
974 441 1008 505 in
1036 462 1070 504 se
1098 423 1266 505 exercente
1299 464 1409 506 amaras

282 545 326 633 (u.
342 546 407 634 33).
438 549 538 613 immo
558 571 669 614 omnes
689 549 820 614 omnino
839 547 978 612 feminas
1001 550 1134 633 propter
1157 547 1253 612 unius
1277 547 1411 612 duritiem

280 655 486 739 Propertium
510 659 579 720 tum
603 657 710 720 odisse
733 656 866 720 innuere
889 655 1018 719 uidetur
1040 677 1070 719 u.
1090 655 1141 719 30.
1172 656 1282 740 itaque
1304 656 1412 720 conieci

279 760 405 828 ‘docuit
434 769 558 830 coactas
592 763 698 828 odisse
721 760 872 847 puellas'‚
903 762 938 826 id
969 761 1055 847 quod
1077 760 1268 826 Fonteinius
1301 783 1411 846 quoque

279 870 455 954 exemplari
492 891 550 935 suo
584 869 769 954 adscripsit,
807 870 862 934 sed
899 873 936 934 ut
967 869 1156 934 mutationis
1195 891 1324 934 oausam
1355 889 1412 931 999

281 977 487 1062 significaret.

368 1084 526 1150 Restituit
552 1085 654 1172 igitur
682 1106 752 1148 sese
780 1107 856 1149 uere
885 1108 912 1149 a.
935 1086 977 1150 21
1005 1083 1176 1168 Propertio
1200 1079 1338 1167 Cynthia
1365 1079 1412 1168 (cf.

281 1191 404 1275 elegiae
427 1193 460 1256 ΙΙ
483 1194 504 1256 2
528 1196 561 1256 91
584 1194 604 1256 3
629 1195 661 1256 91
687 1193 728 1255 14
751 1195 784 1256 91
809 1190 863 1276 15,
891 1214 929 1256 ex
952 1191 1069 1277 quibus
1092 1189 1126 1254 ΙΙ
1152 1191 1206 1274 14,
1233 1191 1273 1255 19
1301 1192 1340 1256 ad
1360 1191 1410 1254 11

281 1299 438 1382 respicere
466 1295 624 1386 uidetur),
653 1299 708 1362 sed
731 1303 769 1363 ut
799 1298 981 1365 menalios
1011 1301 1174 1363 9111919199
1197 1295 1413 1384 reciperetffl

283 1407 381 1470 4-6
406 1409 437 1470 et
463 1404 606 1492 17-19)
631 1406 825 1490 omninoque
849 1405 1026 1471 dimitteret
1050 1405 1196 1490 Sextum,
1223 1406 1280 1470 ubi
1303 1409 1413 1471 aestate

279 1513 347 1577 siue
369 1513 479 1596 potius
504 1516 658 1578 autumno
683 1513 824 1577 eiusdem
849 1513 925 1578 anni
947 1517 1080 1599 praetor
1102 1513 1158 1577 ille
1181 1512 1332 1596 Illyricas
1355 1511 1413 1595 opi-

279 1621 340 1685 bus
356 1619 492 1685 9119999
506 1620 645 1685 Romam
659 1621 756 1686 rediit
775 1619 821 1706 (ΙΙ
838 1619 902 1707 16).
933 1625 967 1685 91
984 1624 1090 1706 poeta,
1109 1624 1285 1707 postquam
1302 1620 1413 1684 frustra

278 1727 312 1790 in
339 1731 461 1792 rectam
489 1728 576 1791 uiam
603 1728 694 1792 illam
721 1727 872 1793 reducere
901 1731 1035 1792 conatus
1063 1729 1113 1791 est
1136 1725 1183 1814 (II
1207 1727 1268 1810 24ι
1292 1728 1332 1792 16
1348 1749 1414 1811 sqq,

282 1834 336 1918 qui
361 1856 472 1898 uersus
491 1831 990 1920 91991199191199919911999),
1013 1833 1079 1897 iam
1097 1833 1193 1916 plane
1217 1856 1328 1899 amens
1352 1856 1414 1898 999-

278 1939 408 2025 siliique
431 1942 537 2026 impos
562 1944 594 2005 91
617 1943 687 2025 1999
712 1942 793 2006 91199
817 1942 935 2006 9991911
957 1939 1085 2004 induxit
1108 1940 1251 2005 animum
1276 1941 1411 2026 (1122-

280 2044 353 2133 24);
382 2049 471 2113 99199
498 2052 610 2114 191999
632 2050 792 2134 propositi
814 2049 1050 2133 poenitentiam
1074 2068 1173 2132 agens
1204 2049 1356 2114 carminis
1377 2048 1415 2112 ui-

278 2155 390 2219 cesimi
417 2157 547 2221 secundi
575 2157 669 2240 quasi
698 2157 858 2240 quandam
885 2155 1085 2241 palinodiam
1114 2155 1232 2220 cecinit
1259 2157 1294 2220 in
1322 2156 1416 2242 elegia

276 2261 433 2326 uicesima
466 2263 590 2347 quinta.
623 2264 669 2328 919
702 2266 826 2347 septem
859 2286 917 2348 per
949 2285 1075 2328 menses
1109 2263 1258 2327 exclusus
1291 2260 1346 2350 (II
1372 2263 1416 2344 20,

277 2367 433 2453 21-24,
462 2370 517 2452 qui
545 2385 598 2434 uu.
621 2392 689 2435 non
718 2392 775 2435 suo
803 2371 875 2436 1999
904 2374 1050 2436 extantes
1079 2369 1173 2434 initio
1205 2371 1358 2436 carminis
1374 2361 1413 2434 21

278 2476 428 2541 uidentur
451 2475 631 2564 reddendi),
654 2482 828 2563 postquam
850 2479 996 2544 Panthus
1025 2482 1156 2563 praetor
1179 2478 1320 2544 deseruit
1342 2477 1415 2562 (lyn-

278 2582 384 2647 thiam
410 2582 456 2668 (11
480 2585 531 2668 21,
555 2585 646 2649 99199
670 2609 699 2649 9.
723 2584 907 2651 819119999
932 2584 1252 2670 spectaculum,
1276 2584 1414 2671 32),119-
1440 2674 1451 2695 ι

278 2713 351 2754 rum
375 2690 540 2756 91919199
566 2692 631 2756 iam
660 2691 806 2757 desolata
833 2696 1012 2757 reuocetur.
1054 2695 1210 2776 tantaque
1234 2693 1354 2758 amoris
1375 2692 1416 2755 in·

278 2797 371 2861 99919
399 2799 570 2863 tenebatur
597 2803 635 2862 ut
663 2822 682 2864 a
710 2799 844 2863 muliere
872 2799 973 2863 infida
1001 2799 1156 2864 desistere
1184 2801 1298 2885 nollet,
1325 2801 1415 2864 immo

277 2908 469 2988 perpetuum
492 2905 527 2969 in
551 2926 623 2970 eam
647 2928 790 2970 amorem
813 2905 891 2990 prae
915 2906 1068 2971 99191191
1091 2905 1137 2991 (ΙΙ
1161 2907 1205 2971 20
1219 2906 1324 2993 9121)
1347 2927 1415 2992 gau-

279 3012 431 3095 deretque
455 3012 517 3076 sibi
535 3012 695 3077 redditam
715 3011 848 3100 (1126).
878 3036 1012 3098 cumque
1032 3016 1156 3078 aestate
1175 3000 1252 3077 anni
1272 3014 1314 3079 26
1333 3011 1416 3098 graui

280 3115 426 3202 Cynthia
450 3118 634 3185 afficeretur
656 3122 784 3205 morb0,
813 3121 851 3184 19
875 3121 944 3185 eius
967 3121 1037 3185 uita
1066 3121 1179 3186 anxius
1203 3121 1415 3204 sollicitusque

278 3224 399 3308 agebat
421 3222 469 3310 (Π
492 3227 533 3290 27
559 3231 591 3291 91
614 3224 682 3313 28).
715 3231 748 3292 91
770 3227 898 3292 9119191
922 3249 995 3292 cum
1019 3228 1127 3313 puella
1150 3231 1266 3292 sanata
1288 3225 1416 3312 991911-

279 3331 365 3417 quod
396 3334 524 3416 tempus
556 3335 757 3400 concorditer
784 3335 903 3400 uixisse
932 3331 1022 3420 (nam
1046 3357 1084 3398 ex
1111 3335 1295 3421 fragmento
1317 3333 1416 3416 1130,

284 3441 414 3505 19-22
437 3440 484 3504 nil
507 3441 680 3508 concludas
704 3441 806 3529 99111).
838 3447 993 3528 autumno
1017 3446 1125 3507 autem
1149 3443 1224 3507 9991
1247 3443 1334 3507 illius
1356 3462 1415 3505 car·

279 3569 352 3611 men
376 3540 470 3612 11'31
503 3546 515 3634 )
540 3548 744 3633 eiusdemque
765 3549 823 3613 fini
846 3549 941 3614 1134
964 3549 1172 3614 tribuendum
1196 3553 1277 3634 puto
1300 3550 1416 3614 statim·

234 3642 238 3649 ’
278 3676 338 3739 que
371 3655 558 3739 euulgatum
585 3656 705 3720 librum
734 3657 907 3721 secundum
934 3658 1113 3741 praemisso
1142 3657 1182 3722 ad
1205 3657 1415 3722 Maecenatem

281 3762 457 3845 prooemio,
480 3762 514 3826 19
537 3785 599 3846 quo
623 3785 691 3828 999
714 3764 822 3829 minus
842 3767 939 3847 atque
960 3765 994 3828 in
1012 3763 1128 3829 ultima
1143 3764 1248 3849 elegia
1266 3765 1310 3830 34
1329 3764 1415 3829 99199

349 3974 374 4044 *)
400 3974 530 4029 19119919
553 3978 595 4030 991
618 3975 701 4030 99199
725 3975 865 4046 Apollinis
889 3975 1012 4031 Palatini
1029 3973 1103 4029 VIII.
1123 3975 1184 4030 Kal.
1204 3976 1275 4030 Nou.
1301 3995 1325 4032 a.
1345 3981 1377 4030 28
1393 3992 1414 4028 9.

277 4064 340 4120 Chr.
359 4084 400 4134 n,
428 4064 477 4120 991
501 4065 625 4134 99911919
654 4065 771 4120 eandem
794 4065 963 4136 publicoque
991 4065 1054 4118 usui
1078 4064 1218 4134 porticum
1245 4065 1410 4135 patefactam

277 4171 337 4210 esse
361 4171 433 4209 9999
457 4154 569 4208 demum
594 4160 628 4208 26
651 4153 828 4209 manifestum
852 4155 885 4209 fit
906 4156 1001 4209 nostro
1025 4153 1157 4210 carmine.
1195 4155 1413 4210 obscurissimum

277 4245 381 4314 quippe
401 4246 456 4309 est,
481 4260 529 4296 cur
548 4243 721 4312 Propertius,
746 4243 769 4298 si
787 4243 844 4298 iam
863 4261 888 4298 9.
908 4249 942 4298 28
961 4244 1034 4298 hanc
1053 4243 1176 4314 elegiam
1195 4245 1363 4314 composuit,
1380 4244 1414 4296 in-

278 4349 368 4386 serere
388 4332 509 4386 noluerit
528 4331 601 4387 libro
619 4331 719 4401 primo,
739 4332 787 4387 sed
806 4333 935 4401 secundo,
955 4350 1018 4387 cum
1035 4335 1132 4388 tamen
1147 4334 1264 4387 exeunte
1284 4333 1415 4389 92619-

277 4419 391 4490 scriptio
410 4421 461 4474 illa
479 4422 614 4476 nouitatis
634 4421 725 4490 gratia
743 4423 826 4492 plane
847 4424 961 4478 careret.
1049 4448 1051 4454 ¹
