3004 5068
407 327 411 335 ·
453 301 649 358 PROPERTII
668 303 735 360 LlB.
755 304 776 359 1.
797 310 820 358 1.
840 311 865 358 0.

121 479 163 528 35
176 463 262 549 Hoc,
285 485 416 550 moneo,
439 465 541 530 uitate
564 465 701 530 malum:
725 489 784 532 sua
807 488 965 552 quemque
988 469 1133 532 moretur

222 569 320 656 Oura,
342 593 446 654 neque
471 575 598 638 assueto
623 575 727 636 mutet
751 591 859 638 amore
882 574 998 638 locum.

176 675 269 752 Quod
293 677 319 740 si
343 677 415 760 quis
439 677 570 742 monitis
595 677 704 744 terdas
729 677 905 744 aduerterit
928 701 1034 766 aures,

220 780 293 846 Heu
316 781 433 846 referet
456 789 578 868 quanto
602 784 704 849 uerba
727 785 837 850 dolore
861 787 946 852 meat

632 998 762 1008 ——ss-

635 1161 680 1234 ΙΙ.

175 1312 258 1389 Quid
281 1316 372 1381 iuuat
396 1321 512 1382 ornato
535 1317 722 1400 procedere,
745 1317 828 1399 uita,
852 1317 970 1400 capillo

217 1422 262 1486 nt
283 1426 397 1487 tenues
421 1421 488 1488 (loa
511 1427 602 1488 ueste
626 1445 756 1488 mouere
780 1424 883 1506 sinus,

173 1527 242 1591 Aut
264 1529 341 1612 quid
365 1529 507 1594 Orontea
530 1529 634 1594 crines
656 1529 848 1613 perfundere
871 1551 996 1613 murra,

218 1633 325 1718 Teque
348 1636 527 1720 peregrinis
551 1635 688 1701 uendere
711 1636 912 1719 muneribus,

144 1740 380 1825 cNeturaeque
403 1741 499 1806 decus
523 1747 665 1808 mercato
688 1743 823 1826 perdere
846 1743 949 1826 cultu,

215 1844 283 1910 Nee
307 1847 411 1912 sinere
434 1847 468 1912 in
491 1847 630 1932 propriis
655 1849 801 1913 membra
822 1849 926 1913 nitere
950 1847 1068 1912 bonis?

171 1951 272 2017 Crede
296 1952 391 2038 mihi,
413 1975 480 2020 non
503 1956 571 2019 ulla
593 1959 670 2020 tuae
694 1958 743 2018 est
766 1955 923 2020 medicina
946 1955 1080 2039 figurae:

214 2057 329 2124 Nudus
354 2059 456 2147 Amor
479 2061 602 2126 formae
625 2083 691 2126 non
715 2064 803 2126 amat
826 2061 992 2126 artificem.

172 2166 304 2250 Aspice,
328 2187 407 2250 quos
432 2167 616 2232 summittat
637 2166 755 2231 humus
779 2167 914 2232 dumosa
937 2167 1073 2252 colores,

125 2289 160 2337 10
215 2271 261 2337 Ut
283 2274 417 2338 ueniant
438 2274 575 2340 hederae
599 2277 714 2358 sponte
738 2297 797 2339 sua
820 2274 949 2356 mellae,

173 2375 291 2464 Surget
314 2385 347 2446 et
369 2381 402 2444 in
427 2381 505 2445 solis
530 2381 704 2446 formosius
729 2383 863 2446 arbutus
887 2381 1002 2462 antriS,

213 2484 257 2548 Et
280 2487 362 2551 sciat
385 2487 539 2552 indociles
564 2509 692 2553 currere
714 2488 850 2571 lympha
872 2488 952 2552 uias.

168 2577 281 2656 Litora
302 2593 422 2657 natiuis
446 2593 654 2678 praefulgent
675 2595 764 2677 picta
786 2594 921 2678 lapillis,

211 2696 257 2761 ln
279 2698 426 2764 uolucres
449 2699 539 2763 nulla
562 2699 687 2764 dulcius
712 2703 780 2764 arte
804 2702 932 2764 canunt.

123 2820 157 2868 15
170 2803 247 2870 Non
269 2806 315 2870 sic
338 2804 510 2890 Leucippis
535 2807 700 2871 succendit
723 2803 861 2870 Castora
884 2803 1030 2890 Phoebe,

210 2909 374 2976 Pollucem
398 2911 488 2976 cultu
510 2933 577 2976 non
600 2910 728 2976 Hilsira
751 2932 856 2994 soror,

149 3067 218 3124 Vin.
237 3087 312 3125 neor.
350 3073 383 3121 35
402 3066 494 3122 uitare
512 3074 533 3120 V
559 3069 569 3137 l
597 3074 631 3124 36
650 3083 702 3122 nec
720 3073 741 3120 V
762 3070 766 3137 Ι
787 3066 892 3138 locum]
912 3083 1016 3121 nouum
1037 3065 1226 3123 Marklandna

147 3156 182 3212 Il.
218 3156 303 3211 Noua
318 3157 402 3225 cispio
416 3157 447 3210 in
462 3161 494 3224 0;
514 3157 549 3210 ad
564 3157 700 3212 cinthium
714 3162 748 3225 V,
768 3156 804 3210 ad
819 3155 961 3224 cynthiam
974 3159 1011 3223 A,
1030 3155 1066 3209 ad
1081 3157 1224 3225 cynthiam

72 3244 198 3300 amicam
216 3249 239 3296 V
257 3245 413 3300 inser-ibunt
435 3247 445 3314 y
473 3251 487 3298 1
507 3245 611 3310 sign
629 3250 652 3297 V
670 3245 731 3299 uite
749 3250 786 3298 s:
804 3244 879 3298 uitta
896 3248 919 3295 A
938 3243 1015 3297 uicta
1033 3249 1054 3296 r
1081 3246 1090 3312 ΙΙ
1117 3252 1132 3300 2
1153 3246 1225 3303 choa

70 3339 106 3400 0,
128 3349 197 3387 eurr.
216 3338 239 3385 V
257 3349 291 3387 ns.
307 3337 327 3387 2
346 3335 437 3401 (etium
455 3335 487 3387 in
499 3338 523 3385 n
537 3334 556 3386 h
576 3338 712 3403 experrecta
726 3351 761 3388 m.
776 3335 803 3401 1)
817 3335 827 3402 ΙΙ
845 3339 862 3386 3
880 3331 960 3401 quid]
976 3348 1004 3399 (ις
1023 3338 1045 3384 V
1062 3351 1096 3388 m.
1111 3339 1127 3386 1
1147 3335 1223 3402 quod

71 3429 98 3476 V
117 3438 153 3477 m.
172 3428 188 3474 1
206 3422 210 3490 Ι
227 3421 363 3476 orontheu
380 3427 467 3474 ΛΠ
483 3425 487 3490 Ι
503 3439 597 3477 murra
615 3428 639 3475 V
658 3423 686 3491 (h
705 3440 739 3477 m.
759 3428 778 3478 2
797 3423 961 3491 suprascr.):
985 3437 1078 3490 myrra
1097 3429 1120 3476 V
1138 3423 1225 3478 mirra

70 3517 94 3564 A
105 3515 128 3562 1*
141 3511 152 3578 ΙΙ
166 3516 181 3564 V
200 3511 251 3564 tua
269 3511 311 3564 est
324 3514 376 3563 Ar
386 3516 422 3576 Μ
440 3527 475 3565 ex
489 3513 585 3566 tuaest
599 3510 614 3565 ‚2
628 3513 638 3580 ΙΙ
656 3516 672 3564 8
691 3511 789 3565 Nudus
808 3527 841 3566 en
854 3510 955 3564 Nullus
969 3525 1038 3564 corr.
1053 3515 1074 3562 V
1085 3509 1089 3581 l
1103 3509 1223 3566 formam

70 3601 146 3654 coni.
166 3599 302 3654 Heinsius
314 3601 354 3668 119
372 3617 442 3668 quos
462 3605 494 3654 ⁰:
514 3602 583 3669 quot
601 3615 618 3658 ς
634 3602 638 3670 Ι
655 3601 813 3656 summittat
832 3606 851 3653 0
870 3601 938 3670 (nisi
955 3600 1027 3669 qnod
1045 3598 1163 3654 sumitst
1174 3603 1221 3669 V):

70 3687 227 3742 summittit
244 3703 261 3746 ς
277 3689 282 3758 Ι
298 3689 416 3744 dumosa
430 3688 463 3743 G.
481 3688 512 3744 T.
528 3688 668 3758 Surinynr
686 3694 711 3743 et
729 3705 775 3758 syo
790 3689 883 3757 (Misc.
900 3687 967 3742 orn.
977 3703 1007 3756 p.
1025 3689 1081 3757 Vl):
1099 3687 1223 3744 formosa

70 3783 89 3830 0
110 3793 261 3832 nemorosa
274 3777 409 3832 Heinsius
427 3794 556 3832 muscosa
570 3777 681 3832 Keilius
698 3795 753 3833 non
773 3777 849 3832 iussa
863 3776 1083 3832 Sandrtroemius
1101 3779 1111 3847 l
1133 3784 1166 3833 10
1184 3779 1223 3832 Ut

70 3868 158 3920 itali:
178 3865 252 3921 nto
280 3868 289 3936 ΙΙ
318 3871 349 3919 11
369 3865 526 3922 frondosior
545 3867 613 3921 coni.
633 3866 787 3934 Bentleius,
807 3864 916 3920 felicius
936 3866 1132 3922 Lachmannus
1155 3869 1165 3937 l
1188 3873 1221 3921 12

67 3956 99 4010 in
120 3954 226 4012 dociles
244 3960 267 4007 V
283 3960 287 4024 Ι
304 3955 412 4026 limpha
430 3959 453 4008 A
467 3961 488 4008 r
501 3961 525 4008 1V
538 3958 548 4025 l
564 3961 596 4009 13
614 3955 794 4024 praefulgent
812 3955 925 4023 sen-ipsi:
943 3956 1114 4024 persuadent
1134 3961 1153 4008 0
1173 3957 1220 4026 (al.
1267 3991 1270 3998 .

67 4041 225 4114 persudent
242 4048 265 4095 V
293 4060 345 4113 my.
369 4060 403 4098 m.
428 4045 473 4112 2),
501 4044 641 4099 collucent
660 4059 676 4101 ς
703 4061 753 4115 per
780 4060 809 4100 se
838 4043 907 4098 dant
929 4044 1052 4114 Seattyer
1078 4044 1222 4114 perrident

70 4132 207 4186 Heinsius
224 4133 388 4202 praelucent
406 4133 601 4202 Herteteryius
627 4136 637 4204 ΙΙ
665 4139 698 4187 14
721 4134 765 4189 hic
782 4134 883 4203 incipit
900 4141 922 4186 n
939 4133 943 4204 Ι
960 4134 1062 4188 canant
1079 4137 1102 4184 V
1120 4151 1154 4188 ns.
1173 4137 1193 4188 2
1211 4133 1221 4206 ll

71 4227 104 4274 15
124 4221 250 4290 leucupis
269 4226 292 4273 A
313 4220 318 4292 1
333 4221 425 4291 phebe
444 4225 515 4290 Ar,
533 4227 558 4276 et
576 4226 599 4273 V
617 4239 651 4276 sn.
671 4227 701 4290 1,
719 4223 847 4292 phaebas
866 4227 889 4275 n
907 4223 917 4290 ΙΙ
941 4229 972 4276 16
990 4220 1072 4275 ilaira
1090 4226 1114 4272 Ν
1132 4239 1166 4278 m.
1186 4227 1219 4278 2:

69 4310 129 4364 tela
147 4309 190 4363 ira
208 4313 265 4362 Ar
284 4309 396 4378 (telaira
414 4316 435 4362 V
453 4329 487 4365 m.
507 4313 537 4380 2)
557 4311 659 4366 telaria
677 4315 700 4363 n
719 4327 753 4365 m.
772 4316 788 4363 1
808 4310 929 4364 thelaira
948 4316 969 4362 1)
984 4315 1006 4362 V
1025 4310 1066 4376 (in
1088 4311 1137 4365 hoc
1154 4310 1165 4364 i
1188 4313 1220 4368 in

68 4417 88 4466 y
108 4399 188 4465 corr.)

969 4494 981 4541 1
990 4486 1005 4520 *
