3046 5032
466 341 664 398 PBOPMRTII
682 341 749 400 LIB.
769 343 817 398 111.
838 349 862 400 9.

177 505 382 592 Argumenta
404 505 511 591 magis
535 509 611 572 sunt
632 505 790 572 Mentoris
814 505 924 573 addita
947 506 1086 589 formae,

224 612 271 677 At
294 613 389 680 Muos
412 614 564 698 exignum
586 613 690 680 flectit
714 613 872 680 acanthus
896 613 973 690 iter,

134 735 167 784 15
179 719 354 784 Phidiacus
378 720 473 806 signo
497 741 531 784 se
553 719 700 808 Iuppiter
723 725 819 786 ornat
842 722 978 804 eburno,

223 827 419 892 Praxitelem
439 825 536 890 Paria
558 826 703 892 uindicet
725 827 804 890 urbe
827 827 918 911 lapis.

179 932 242 999 Elst
265 933 383 1017 quibus
406 931 507 998 Elleee
532 933 694 1000 concurrit
717 933 826 1017 palma
850 933 1040 1018 quadrigae,

223 1039 288 1106 Est
310 1040 427 1124 quibus
452 1040 485 1104 in
509 1040 630 1106 celeres
654 1038 760 1125 gloria
782 1043 862 1104 nata
886 1039 992 1123 pedes.

181 1147 245 1212 Hic
268 1151 359 1212 satus
381 1145 423 1212 ad
446 1168 572 1230 pacem,
595 1146 649 1212 hic
672 1146 892 1212 castrensibus
915 1145 1007 1212 utilis
1031 1147 1137 1212 armis.

136 1271 173 1320 20
226 1253 372 1320 Naturae
397 1253 543 1336 sequitur
565 1251 688 1318 semine
711 1250 847 1336 quisque
872 1272 956 1316 suae.

179 1359 319 1444 Attus,
343 1359 527 1438 Maecenas,
552 1360 638 1424 uitae
661 1364 834 1444 praecepta
856 1360 975 1444 recepi,

225 1465 334 1552 Cogor
357 1470 390 1532 et
413 1466 568 1551 exemplis
591 1469 625 1531 te
649 1488 801 1550 superare
824 1465 898 1530 tuis.

180 1571 263 1640 Cum
285 1574 347 1638 tibi
370 1572 518 1638 Romano
542 1571 689 1636 dominas
712 1572 747 1636 in
770 1571 893 1637 honore
918 1591 1045 1636 secures

226 1679 273 1745 Et
294 1681 391 1746 liceat
413 1681 519 1746 medio
542 1701 661 1765 ponere
684 1680 756 1745 iura
777 1680 863 1764 fore,

134 1801 170 1850 ao
180 1785 242 1850 Vel
265 1786 328 1850 tibi
350 1786 518 1852 Medorum
542 1807 707 1872 pugnaces
730 1787 776 1850 ire
799 1808 857 1870 per
878 1785 992 1851 hastas

226 1894 336 1979 Atque
360 1915 492 1960 onerare
515 1897 606 1958 tuam
628 1893 693 1958 fixa
715 1915 774 1978 per
797 1877 897 1958 erma
911 1892 1056 1977 domum,

180 1998 225 2064 Et
247 2000 310 2064 tibi
333 2000 374 2066 ad
397 1999 545 2066 effectum
569 1999 655 2066 uires
679 1999 734 2064 det
757 1998 877 2066 Oeesar
900 2004 934 2064 et
957 2001 1046 2065 omni

225 2106 385 2191 Tempore
408 2110 476 2172 tem
498 2107 610 2172 faciles
633 2107 840 2172 insinuentur
863 2129 956 2191 opes,

179 2211 306 2298 Parcis,
329 2219 362 2280 et
384 2215 418 2280 in
440 2217 555 2280 tennes
577 2213 733 2279 humilem
756 2217 790 2280 te
813 2213 940 2299 colligis
964 2213 1110 2298 umbras,

65 2325 68 2330 ’
133 2337 170 2385 30
225 2321 381 2386 Velorum
405 2323 519 2406 plenos
543 2321 707 2388 subtrahis
730 2322 800 2404 ipse
823 2321 924 2386 sinus.

181 2425 282 2492 Oreda
305 2428 401 2511 mihi,
423 2448 560 2512 magnos
586 2427 773 2512 aequabunt
794 2427 860 2492 ista
882 2425 1038 2494 Camillos

225 2533 361 2618 Iudicia,
385 2539 418 2600 et
440 2535 551 2600 uenies
574 2538 611 2600 tu
635 2555 761 2619 quoque
784 2534 818 2598 in
841 2555 899 2599 ora
923 2535 1043 2618 uuum,

181 2637 331 2705 (lassaris
355 2645 388 2706 et
410 2641 517 2705 famae
540 2641 679 2726 uestigia
703 2641 812 2706 iuncta
834 2641 973 2705 tenebis:

225 2747 422 2814 Maecenatis
446 2751 540 2813 erunt
563 2770 641 2812 uera
664 2751 800 2832 tropaea
822 2747 910 2813 fides.
1029 2823 1036 2838 ⁸

136 2850 258 2917 aoNon
281 2874 342 2939 ego
366 2854 501 2918 uelifere
524 2854 683 2919 tumidum
708 2876 796 2918 mare
819 2854 906 2920 findo
931 2855 1057 2940 carina,

226 2959 311 3025 Tota
335 2961 390 3026 sed
414 2960 530 3046 exiguo
553 2960 686 3026 flumine
710 2965 824 3026 nostra
846 2983 938 3027 mora
962 2965 1020 3026 est.

163 3118 232 3174 Vsa.
256 3137 332 3172 sacr.
371 3123 403 3173 13
424 3118 596 3173 Ornamenta
614 3135 713 3173 manns
732 3120 797 3172 sunt
815 3119 983 3174 Fonteiaics
1004 3121 1014 3188 11
1038 3127 1072 3174 14
1090 3123 1129 3176 Aa
1147 3137 1176 3181 ςε
1198 3124 1240 3178 Ad

86 3213 109 3260 0
141 3209 146 3275 1
175 3206 255 3275 Myos
274 3209 347 3263 Itali
364 3207 455 3276 (Muos
475 3208 509 3263 L.
530 3209 707 3276 Muellerum:
735 3224 820 3262 nuros
840 3213 859 3266 0
882 3225 976 3262 muros
994 3213 1018 3260 V
1040 3210 1126 3266 miros
1144 3219 1166 3264 0
1189 3229 1241 3282 rap.

81 3313 142 3367 pro
161 3313 224 3350 aar.
244 3297 302 3351 lect.
326 3297 330 3364 1
356 3313 374 3351 a
391 3298 490 3352 cantus
508 3302 529 3349 V
548 3297 685 3351 achantus
703 3303 725 3348 0
737 3301 763 3349 JV
777 3301 800 3348 V
826 3298 838 3368 11
864 3302 897 3351 15
917 3303 1062 3366 corruptus
1082 3301 1183 3366 (armat
1202 3305 1242 3369 ς1;

84 3383 247 3440 Phiadiaca
265 3402 311 3440 ars
329 3385 410 3455 signo
429 3388 458 3440 ts
477 3385 674 3440 Lactmuareus
690 3390 695 3454 1
710 3385 814 3455 iupiter
831 3387 960 3458 211116
980 3385 1151 3442 Praxitelem
1169 3396 1191 3441 0
1206 3393 1240 3443 V:

83 3474 254 3530 Praxitelen
272 3480 293 3527 V
311 3474 472 3531 Praxitelen
490 3480 514 3527 ll
543 3476 547 3547 1
572 3475 654 3530 Paria
671 3475 877 3530 Broulrbusius:
891 3475 1047 3546 propriso
1067 3475 1165 3530 Parius
1184 3478 1241 3531 iam

86 3564 165 3618 Itali
229 3567 262 3618 1⁷
282 3564 342 3618 eles
360 3569 381 3616 V
400 3565 479 3638 salpe
497 3570 522 3618 Π
540 3564 634 3620 aeleae
653 3569 712 3617 DV
736 3565 740 3635 1
766 3566 935 3618 concurrunt
953 3569 988 3632 V;
1009 3565 1154 3636 consurgit
1172 3568 1242 3621 coni.

85 3653 259 3708 Foratainius
280 3653 290 3721 1
315 3657 347 3706 19
367 3652 435 3707 satis
453 3658 474 3705 V
492 3671 526 3708 m.
545 3659 561 3707 1
585 3654 595 3722 1
618 3658 652 3706 20
672 3651 1024 3726 sequi{tur(irrraa.1p)
1045 3657 1080 3719 113
1101 3655 1243 3724 sequimur

84 3741 284 3797 Broclrtusius
297 3742 307 3810 11
326 3747 358 3795 21
379 3741 417 3795 Et
434 3748 455 3795 V
473 3759 508 3800 m.
528 3749 542 3797 1
562 3743 646 3813 (uode
663 3741 740 3797 Haec
759 3742 871 3811 conieci)
888 3741 1015 3812 {recepti
1033 3747 1057 3795 V
1070 3744 1081 3814 11
1099 3749 1132 3798 22
1153 3744 1243 3800 Conor

84 3830 305 3900 Broutbusiusl
329 3845 373 3884 me
393 3847 524 3900 superare
542 3831 726 3886 Burmannus
751 3835 755 3900 1
781 3830 852 3886 meis
871 3836 895 3883 V
913 3847 947 3886 m.
966 3836 986 3886 2
1004 3847 1143 3900 suprascr.
1172 3835 1181 3902 11
1208 3840 1242 3888 23

85 3919 238 3987 sequentes
256 3925 289 3987 r,
309 3935 378 3975 corr.
398 3935 450 3989 my.
469 3937 503 3974 m.
522 3922 613 3989 21124
633 3934 760 3990 promere
778 3919 840 3972 iura
858 3917 1040 3973 Rutokraius
1062 3921 1072 3988 11
1094 3925 1127 3975 20
1146 3922 1242 3976 hastas

93 4007 299 4064 Martiarrdcs:
318 4009 414 4064 hostes
433 4014 452 4061 0
472 4026 552 4064 arcus
570 4010 663 4064 Joreus
681 4008 827 4063 Heluetiae
846 4009 924 4062 astus
942 4007 1140 4063 Lactmuarsas
1156 4011 1160 4077 1
1176 4026 1242 4064 one·

86 4113 154 4152 rare
172 4100 194 4147 V
212 4113 246 4152 m.
265 4103 286 4154 2
306 4113 440 4152 onaerare
458 4102 493 4152 V:
514 4099 649 4152 honerare
668 4103 687 4150 0
706 4097 878 4152 honorarer
897 4115 931 4154 m.
946 4099 973 4153 2·
986 4113 1084 4151 ornare
1102 4097 1241 4166 Dempste-

88 4203 142 4244 rus
167 4189 171 4256 1
192 4203 291 4256 parma
309 4191 332 4238 V
345 4187 355 4258 1
369 4192 403 4241 27
422 4187 473 4240 dat
492 4191 566 4240 Vm.
586 4187 677 4256 2128
696 4186 852 4242 insinuetur
870 4190 893 4238 V
911 4202 944 4240 m.
965 4191 985 4241 2
1012 4187 1022 4254 1
1049 4191 1083 4240 30
1102 4185 1244 4243 contrahis

87 4277 227 4334 Heinsius
248 4279 258 4345 11
281 4281 314 4330 33
334 4275 411 4332 uicta
429 4281 453 4329 n
475 4278 485 4345 1
507 4281 542 4330 34
560 4276 716 4344 trophaeo
739 4277 749 4344 11
771 4279 805 4329 30
824 4290 874 4330 erra.
894 4279 918 4327 n
940 4277 950 4343 11
973 4281 1007 4330 36
1027 4273 1136 4334 Tutas
1160 4278 1165 4344 1
1193 4275 1242 4330 sed

88 4365 204 4433 scripsi:
231 4365 282 4418 sub
311 4369 330 4418 0
359 4365 422 4434 (quo
449 4368 556 4420 retento·
579 4362 692 4418 flamine
721 4364 901 4432 Maduipiae3
929 4369 959 4418 ci
985 4367 1055 4418 recte
1082 4369 1244 4431 comparant

92 4455 178 4510 Ouid.
206 4454 290 4508 Trist.
315 4454 340 4507 ll
360 4455 422 4522 329)
456 4456 461 4522 1
495 4452 607 4508 flumine
626 4458 662 4507 lu:
692 4452 860 4520 efluminer
883 4469 898 4507 e
922 4451 1035 4512 flumine
1054 4459 1076 4504 D
1094 4453 1243 4534 {flumine
