3004 5068
490 313 773 372 Pnoumoneun
1133 313 1214 370 XXV·

55 475 90 541 id
115 479 208 564 quod
231 483 281 546 est
304 479 430 565 ‘nuper'
453 479 628 565 exprimat:
651 478 692 544 ef.
710 500 758 543 ex.
771 499 819 564 gr.
838 477 872 543 Π
893 477 943 562 16,
957 477 1014 562 373
1038 476 1071 542 II
1090 477 1142 562 34,
1156 478 1209 544 91.

57 587 204 651 mutauit
229 591 340 652 eutem
367 587 448 656 illud
470 585 584 652 ‘modo
606 583 677 650 lnx’
706 606 764 668 per
791 605 826 650 se
856 607 954 650 sensu
983 605 1113 650 cassum
1135 583 1211 648 libri
1294 663 1297 668 ι

57 698 88 754 V
112 695 280 758 corrector
296 691 474 758 secundum
492 691 593 776 1128,
609 690 661 756 59.
689 689 745 755 sed
760 691 921 776 quomodo
940 713 1010 776 nos,
1033 691 1088 775 qui
1105 690 1211 774 ipsum

58 797 145 862 illud
169 797 297 866 ‘modo'
326 821 425 885 qnam
451 799 591 864 maxime
618 797 823 863 retinendum
850 797 1082 882 intelleximus,
1104 801 1212 864 totum

59 905 170 970 locum
197 904 368 971 reddemus
391 904 597 990 integritati?
638 902 792 968 nimirum
818 907 945 970 remoto
967 905 1126 970 Italorum
1153 905 1212 991 fig·
1346 944 1353 954 ·

60 1014 172 1078 mento
192 1015 226 1076 et
243 1013 316 1096 ipso
331 1021 359 1078 0
378 1011 558 1096 reciperato
581 1033 702 1078 nouem
724 1010 1011 1094 interpolationem
1034 1011 1211 1096 deprehen·

60 1116 168 1184 dimus
192 1118 326 1204 antiquo
346 1121 491 1202 tempore
509 1117 655 1183 inlatam.
683 1116 729 1182 sie
743 1116 830 1182 enirn
849 1137 909 1203 ego
924 1119 1043 1197 statuo,
1061 1119 1211 1184 uocularn

61 1207 145 1290 ‘lux'
166 1228 199 1290 et
220 1225 327 1310 ipsam
350 1224 429 1290 clim
451 1223 645 1290 inculcatam
668 1245 738 1288 esse
762 1223 803 1289 ab
828 1245 865 1289 eo
887 1223 944 1308 qui
966 1223 1000 1290 in
1023 1245 1081 1290 suo
1104 1245 1211 1289 exem-

62 1330 151 1413 plari
170 1332 218 1398 nil
241 1331 305 1397 nisi
329 1331 497 1398 ‘hesterna
518 1331 615 1397 modo
639 1353 713 1397 eum
740 1334 837 1415 potus
859 1334 955 1396 nocte
983 1329 1137 1418 uagarer'
1161 1331 1212 1396 in-

63 1439 220 1506 uenisset:
245 1439 385 1523 sumpsit
407 1438 570 1524 syllabam
589 1437 789 1503 deficientem
812 1459 851 1502 ex
874 1438 986 1502 eodem
1009 1460 1073 1524 quo
1097 1441 1212 1522 postea

64 1548 226 1612 corrector
244 1543 471 1628 Italusfonte,
493 1565 610 1629 parurn
631 1545 687 1610 ille
707 1545 838 1630 quidem
861 1545 1018 1610 sollicitus
1042 1545 1081 1609 de
1104 1545 1212 1610 latini·

65 1652 135 1714 tate
161 1651 364 1718 balbutienti.
400 1651 504 1718 accito
528 1654 637 1716 autem
665 1655 848 1718 commento
876 1651 1055 1718 Heinsiano
1083 1673 1212 1736 unaque

64 1757 207 1824 litterula
230 1756 284 1842 ‘p'
308 1757 433 1824 adiecta
455 1759 504 1824 ite
526 1780 656 1824 uersum
677 1758 805 1824 refinxi:
830 1758 998 1826 ‘Extrema
1020 1759 1115 1824 modo
1139 1779 1212 1826 cum

61 1868 213 1948 perpetus
236 1868 333 1932 nocte
355 1865 516 1951 ungerer'.
542 1889 620 1932 nam
638 1865 833 1951 perpotandi
852 1867 987 1933 uerbum
1006 1888 1104 1953 quam
1126 1866 1211 1930 belle

67 1971 240 2038 conueniat
271 1975 434 2038 extremae
464 1973 554 2038 nocti
587 1973 641 2058 (ci.
664 1995 695 2038 u.
718 1970 790 2058 23),
821 1977 906 2059 tute,
933 1975 1037 2040 lector
1068 1972 1212 2056 candide,

67 2076 212 2145 lubenter
235 2078 399 2146 concedes.
424 2115 465 2127 -
489 2079 540 2145 III
566 2080 616 2164 14,
641 2080 785 2145 11-20:

196 2201 321 2288 (iprum
343 2205 453 2288 pulsat
476 2203 574 2288 equis,
597 2195 727 2269 niueum
749 2204 835 2269 letus
858 2225 934 2269 ense
957 2204 1095 2270 reuincit

246 2311 501 2396 Virgineumque
525 2333 605 2377 cauo
628 2311 773 2397 protegit
795 2333 867 2376 aere
891 2315 997 2396 capnt,

199 2417 309 2494 Qualis
333 2417 569 2484 Amazonidum
593 2416 723 2483 nudetis
747 2418 865 2496 bellice
887 2419 1037 2484 mammis

247 2524 547 2591 Thermodontiacis
570 2524 668 2591 turba
690 2526 819 2591 leuatur
842 2525 950 2611 aquis,

122 2651 153 2700 1⁵
197 2631 242 2696 nt
265 2630 362 2696 modo
385 2631 523 2717 Taygeti
546 2632 652 2697 crines
675 2653 808 2716 aspersa
831 2633 949 2716 pruine

248 2736 399 2803 Seotetur
422 2738 548 2822 patrios
570 2759 629 2822 per
651 2738 729 2823 iuge
751 2740 852 2824 longe
876 2760 986 2823 cenes3

199 2843 310 2920 Qualis
334 2848 367 2910 et
388 2844 533 2910 Eurotae
556 2843 670 2909 Pollux
694 2848 727 2908 et
750 2842 867 2910 Castor
889 2844 1030 2930 herenis,

247 2951 310 3016 Hic
332 2951 437 3016 uictor
460 2951 589 3037 pugnis,
611 2951 667 3016 ille
690 2951 820 3017 futurus
844 2953 945 3037 equis,

197 3057 288 3123 Inter
310 3079 391 3142 quos
415 3056 539 3123 Helene
560 3057 657 3123 nudis
681 3080 796 3143 capere
819 3080 909 3123 erma
932 3059 1064 3144 pepillis

122 3185 156 3234 so
247 3164 366 3229 Fertur
386 3185 447 3230 nec
469 3163 585 3230 fratres
609 3165 776 3230 erubuisse
800 3164 886 3230 deos.

74 3287 240 3375 imaginem
264 3311 316 3354 uu.
332 3289 374 3353 13
394 3293 427 3354 et
448 3289 489 3353 14
512 3289 715 3374 propositam
739 3289 808 3354 iure
830 3289 1086 3375 perhorruerunt
1105 3289 1213 3355 'critici

76 3397 259 3482 anteriores,
287 3417 391 3481 neque
416 3389 592 3480 quidquem
620 3396 689 3461 uidi
713 3395 875 3462 infelicius
904 3400 1087 3462 commento
1111 3395 1211 3462 Lach-

76 3504 178 3568 manni
205 3524 318 3569 uocem
347 3501 508 3566 ‘leuetur'
537 3502 707 3568 commatis
730 3502 923 3568 includentis
934 3502 980 3589 *);
1014 3503 1107 3588 quasi
1134 3525 1211 3569 uero

76 3610 275 3694 antiquorum
308 3608 501 3694 scriptorum
529 3632 595 3675 non
627 3610 734 3696 prime
766 3609 882 3675 fuisset
913 3610 965 3674 lex
992 3607 1093 3675 uerba
1126 3611 1211 3676 clere

76 3717 297 3802 perspicueque
328 3737 463 3801 ponere,
494 3716 637 3782 nondum
675 3717 798 3782 seilicet
829 3718 954 3782 exculta
987 3740 1025 3782 ea
1056 3741 1121 3803 qua
1152 3741 1212 3783 nos

75 3821 163 3887 hodie
185 3822 310 3888 utimur
330 3823 583 3908 interpungendi
605 3823 741 3889 ratione.
769 3824 804 3888 in
823 3823 1038 3910 descriptione
1062 3825 1213 3891 institute

139 3999 164 4069 *)
186 3999 289 4056 falsum
307 4015 368 4056 esse
389 3998 600 4058 Lachmannnm
621 4015 655 4056 eo
673 4015 786 4069 quoque
804 4000 944 4057 euincitur
962 4001 1037 4070 quod
1057 4000 1211 4056 ‘leuantur’

78 4087 247 4154 perusino
267 4088 393 4146 extitisse
411 4089 559 4160 probabile
579 4090 629 4146 est.
667 4105 733 4144 nam
753 4089 909 4158 ‘leuatur',
933 4091 1009 4160 quod
1026 4094 1075 4142 Π
1097 4089 1213 4160 habent,

79 4191 149 4232 nemo
171 4195 305 4248 umquem
327 4177 416 4234 Italus
439 4179 470 4234 in
495 4177 660 4234 ‘leuantur'
686 4179 795 4234 mutare
819 4178 943 4233 animum
968 4177 1092 4246 induxit,
1115 4179 1213 4233 contra

81 4262 230 4323 ‘leuantur’
251 4263 324 4338 (DV)
349 4267 434 4323 facile
458 4267 626 4338 expeditiori
648 4267 692 4322 illi
713 4267 856 4323 ‘leuatur’
882 4268 974 4325 cessit.
1011 4267 1094 4322 huius
1118 4269 1213 4323 autem

82 4351 242 4426 ‘leuantur’,
262 4357 311 4426 qui
330 4359 452 4413 estmoe
470 4355 624 4428 Pnop'ertii,
643 4356 800 4412 subiectum
819 4373 880 4412 esse
898 4357 993 4426 potest
1012 4356 1137 4426 ‘turba’,
1156 4375 1212 4414 non

81 4444 164 4510 potest
182 4462 242 4502 esse
260 4446 357 4516 puella
374 4447 522 4518 Spartana,
541 4462 614 4517 quae
632 4463 682 4519 per
700 4465 726 4503 u.
746 4451 833 4504 3-12
853 4448 882 4502 et
901 4450 943 4515 15,
965 4451 998 4504 16
1016 4449 1126 4521 regnat.
