<?xml version="1.0" encoding="UTF-8"?>
<!DOCTYPE html PUBLIC "-//W3C//DTD XHTML 1.0 Transitional//EN"
    "http://www.w3.org/TR/xhtml1/DTD/xhtml1-transitional.dtd">
<html xmlns="http://www.w3.org/1999/xhtml" xml:lang="en" lang="en">
 <head>
  <title>
</title>
<meta http-equiv="Content-Type" content="text/html;charset=utf-8" />
  <meta name='ocr-system' content='tesseract 3.04.00' />
  <meta name='ocr-capabilities' content='ocr_page ocr_carea ocr_par ocr_line ocrx_word'/>
</head>
<body>
  <div class='ocr_page' id='page_1' title='image "./elegiarumlibrii00propgoog_0057.png"; bbox 0 0 3004 5068; ppageno 0'>
   <div class='ocr_carea' id='block_1_1' title="bbox 240 322 958 383">
    <p class='ocr_par' dir='ltr' id='par_1_1' title="bbox 240 322 958 383">
     <span class='ocr_line' id='line_1_1' title="bbox 240 322 958 383; baseline 0.003 -3"><span class='ocrx_word' id='word_1_1' title='bbox 240 325 262 380; x_wconf 84' lang='lat' dir='ltr'>L</span> <span class='ocrx_word' id='word_1_2' title='bbox 672 322 958 383; x_wconf 80' lang='lat' dir='ltr'><strong>PROLEGOMENA.</strong></span> 
     </span>
    </p>
   </div>
   <div class='ocr_carea' id='block_1_2' title="bbox 240 487 1397 1857">
    <p class='ocr_par' dir='ltr' id='par_1_2' title="bbox 240 487 1397 1740">
     <span class='ocr_line' id='line_1_2' title="bbox 240 487 1389 574; baseline 0.002 -22"><span class='ocrx_word' id='word_1_3' title='bbox 240 487 320 552; x_wconf 89' lang='lat' dir='ltr'><strong>haec</strong></span> <span class='ocrx_word' id='word_1_4' title='bbox 348 510 375 552; x_wconf 90' lang='lat' dir='ltr'><strong>a.</strong></span> <span class='ocrx_word' id='word_1_5' title='bbox 408 491 465 552; x_wconf 88' lang='lat' dir='ltr'><strong>aut</strong></span> <span class='ocrx_word' id='word_1_6' title='bbox 498 490 633 551; x_wconf 87' lang='lat' dir='ltr'><strong>exeunte</strong></span> <span class='ocrx_word' id='word_1_7' title='bbox 660 487 703 552; x_wconf 86' lang='grc'><strong>26</strong></span> <span class='ocrx_word' id='word_1_8' title='bbox 736 491 793 552; x_wconf 91' lang='lat' dir='ltr'><strong>aut</strong></span> <span class='ocrx_word' id='word_1_9' title='bbox 819 488 950 554; x_wconf 91' lang='lat' dir='ltr'><strong>ineunte</strong></span> <span class='ocrx_word' id='word_1_10' title='bbox 980 488 1023 554; x_wconf 86' lang='grc'><strong>25</strong></span> <span class='ocrx_word' id='word_1_11' title='bbox 1056 489 1196 574; x_wconf 75' lang='lat' dir='ltr'><strong>scripsit.</strong></span> <span class='ocrx_word' id='word_1_12' title='bbox 1242 493 1389 554; x_wconf 87' lang='lat' dir='ltr'><strong>ceterum</strong></span> 
     </span>
     <span class='ocr_line' id='line_1_3' title="bbox 242 593 1391 681; baseline 0.001 -22"><span class='ocrx_word' id='word_1_13' title='bbox 242 595 327 680; x_wconf 91' lang='lat' dir='ltr'><strong>quod</strong></span> <span class='ocrx_word' id='word_1_14' title='bbox 350 593 493 659; x_wconf 90' lang='lat' dir='ltr'><strong>eiusdem</strong></span> <span class='ocrx_word' id='word_1_15' title='bbox 516 594 666 658; x_wconf 85' lang='lat' dir='ltr'><strong>carminis</strong></span> <span class='ocrx_word' id='word_1_16' title='bbox 690 616 742 659; x_wconf 90' lang='lat' dir='ltr'><strong>uu.</strong></span> <span class='ocrx_word' id='word_1_17' title='bbox 765 595 852 660; x_wconf 87' lang='lat'><strong>3-6</strong></span> <span class='ocrx_word' id='word_1_18' title='bbox 876 596 1008 661; x_wconf 83' lang='lat' dir='ltr'><strong>uixdum</strong></span> <span class='ocrx_word' id='word_1_19' title='bbox 1031 599 1110 681; x_wconf 88' lang='lat' dir='ltr'><strong>toga</strong></span> <span class='ocrx_word' id='word_1_20' title='bbox 1137 597 1224 662; x_wconf 90' lang='lat' dir='ltr'><strong>uirili</strong></span> <span class='ocrx_word' id='word_1_21' title='bbox 1248 601 1391 680; x_wconf 87' lang='lat' dir='ltr'><strong>sumpta,</strong></span> 
     </span>
     <span class='ocr_line' id='line_1_4' title="bbox 240 699 1389 785; baseline 0.003 -21"><span class='ocrx_word' id='word_1_22' title='bbox 240 701 303 766; x_wconf 90' lang='lat' dir='ltr'><strong>hoo</strong></span> <span class='ocrx_word' id='word_1_23' title='bbox 336 703 399 785; x_wconf 87' lang='lat' dir='ltr'><strong>est,</strong></span> <span class='ocrx_word' id='word_1_24' title='bbox 436 699 575 765; x_wconf 82' lang='lat' dir='ltr'><strong>sedecim</strong></span> <span class='ocrx_word' id='word_1_25' title='bbox 612 701 880 784; x_wconf 88' lang='lat' dir='ltr'><strong>septemdecimue</strong></span> <span class='ocrx_word' id='word_1_26' title='bbox 912 725 1071 769; x_wconf 89' lang='lat' dir='ltr'><strong>annorum</strong></span> <span class='ocrx_word' id='word_1_27' title='bbox 1108 705 1389 770; x_wconf 87' lang='lat' dir='ltr'><strong>adulescentulum</strong></span> 
     </span>
     <span class='ocr_line' id='line_1_5' title="bbox 244 807 1391 898; baseline 0.003 -26"><span class='ocrx_word' id='word_1_28' title='bbox 244 808 297 889; x_wconf 87' lang='lat' dir='ltr'><strong>[cf.</strong></span> <span class='ocrx_word' id='word_1_29' title='bbox 320 807 572 893; x_wconf 88' lang='lat' dir='ltr'><strong>Marquardtius,</strong></span> <span class='ocrx_word' id='word_1_30' title='bbox 602 807 720 874; x_wconf 85' lang='lat' dir='ltr'><strong>enchir.</strong></span> <span class='ocrx_word' id='word_1_31' title='bbox 744 809 844 893; x_wconf 83' lang='lat' dir='ltr'><strong>antiq.</strong></span> <span class='ocrx_word' id='word_1_32' title='bbox 863 809 955 875; x_wconf 85' lang='lat' dir='ltr'><strong>Rom.</strong></span> <span class='ocrx_word' id='word_1_33' title='bbox 978 809 1007 875; x_wconf 89' lang='lat' dir='ltr'>V</span> <span class='ocrx_word' id='word_1_34' title='bbox 1035 814 1066 896; x_wconf 87' lang='lat'><strong>1,</strong></span> <span class='ocrx_word' id='word_1_35' title='bbox 1093 812 1168 894; x_wconf 86' lang='lat'>135]</span> <span class='ocrx_word' id='word_1_36' title='bbox 1199 835 1218 876; x_wconf 99' lang='lat' dir='ltr'><strong>a</strong></span> <span class='ocrx_word' id='word_1_37' title='bbox 1241 812 1391 898; x_wconf 82' lang='lat' dir='ltr'><strong>Lycinna</strong></span> 
     </span>
     <span class='ocr_line' id='line_1_6' title="bbox 243 915 1390 1002; baseline 0.003 -23"><span class='ocrx_word' id='word_1_38' title='bbox 243 915 362 980; x_wconf 91' lang='lat' dir='ltr'><strong>amoris</strong></span> <span class='ocrx_word' id='word_1_39' title='bbox 388 915 488 980; x_wconf 84' lang='lat' dir='ltr'><strong>saeris</strong></span> <span class='ocrx_word' id='word_1_40' title='bbox 510 915 674 979; x_wconf 90' lang='lat' dir='ltr'><strong>imbutum</strong></span> <span class='ocrx_word' id='word_1_41' title='bbox 698 936 731 980; x_wconf 87' lang='lat' dir='ltr'><strong>se</strong></span> <span class='ocrx_word' id='word_1_42' title='bbox 755 915 897 980; x_wconf 86' lang='lat' dir='ltr'><strong>affirmat</strong></span> <span class='ocrx_word' id='word_1_43' title='bbox 918 916 1067 1002; x_wconf 89' lang='lat' dir='ltr'><strong>quodque</strong></span> <span class='ocrx_word' id='word_1_44' title='bbox 1091 919 1132 982; x_wconf 89' lang='lat' dir='ltr'><strong>ab</strong></span> <span class='ocrx_word' id='word_1_45' title='bbox 1157 917 1312 983; x_wconf 87' lang='lat' dir='ltr'><strong>ancillula</strong></span> <span class='ocrx_word' id='word_1_46' title='bbox 1330 919 1390 983; x_wconf 89' lang='lat' dir='ltr'><strong>illa</strong></span> 
     </span>
     <span class='ocr_line' id='line_1_7' title="bbox 242 1021 1390 1111; baseline 0.004 -26"><span class='ocrx_word' id='word_1_47' title='bbox 242 1044 309 1087; x_wconf 90' lang='lat' dir='ltr'><strong>non</strong></span> <span class='ocrx_word' id='word_1_48' title='bbox 332 1021 430 1086; x_wconf 89' lang='lat' dir='ltr'><strong>nimis</strong></span> <span class='ocrx_word' id='word_1_49' title='bbox 454 1021 509 1086; x_wconf 91' lang='lat' dir='ltr'><strong>diu</strong></span> <span class='ocrx_word' id='word_1_50' title='bbox 533 1024 663 1105; x_wconf 86' lang='lat' dir='ltr'><strong>captum</strong></span> <span class='ocrx_word' id='word_1_51' title='bbox 683 1043 716 1086; x_wconf 87' lang='lat' dir='ltr'><strong>se</strong></span> <span class='ocrx_word' id='word_1_52' title='bbox 732 1044 802 1088; x_wconf 90' lang='lat' dir='ltr'><strong>esse</strong></span> <span class='ocrx_word' id='word_1_53' title='bbox 820 1025 892 1088; x_wconf 89' lang='lat' dir='ltr'><strong>toto</strong></span> <span class='ocrx_word' id='word_1_54' title='bbox 914 1022 976 1087; x_wconf 90' lang='lat' dir='ltr'><strong>hoc</strong></span> <span class='ocrx_word' id='word_1_55' title='bbox 998 1023 1070 1088; x_wconf 91' lang='lat' dir='ltr'><strong>loco</strong></span> <span class='ocrx_word' id='word_1_56' title='bbox 1093 1023 1222 1088; x_wconf 90' lang='lat' dir='ltr'><strong>uidetur</strong></span> <span class='ocrx_word' id='word_1_57' title='bbox 1244 1025 1390 1111; x_wconf 88' lang='lat' dir='ltr'><strong>innuere,</strong></span> 
     </span>
     <span class='ocr_line' id='line_1_8' title="bbox 241 1128 1392 1214; baseline 0.003 -22"><span class='ocrx_word' id='word_1_58' title='bbox 241 1132 414 1213; x_wconf 88' lang='lat' dir='ltr'><strong>propterea</strong></span> <span class='ocrx_word' id='word_1_59' title='bbox 438 1151 511 1194; x_wconf 90' lang='lat' dir='ltr'><strong>eum</strong></span> <span class='ocrx_word' id='word_1_60' title='bbox 535 1129 758 1214; x_wconf 83' lang='lat' dir='ltr'><strong>duodeuiginti</strong></span> <span class='ocrx_word' id='word_1_61' title='bbox 781 1129 847 1194; x_wconf 87' lang='lat' dir='ltr'><strong>fere</strong></span> <span class='ocrx_word' id='word_1_62' title='bbox 871 1151 971 1194; x_wconf 88' lang='lat' dir='ltr'><strong>annos</strong></span> <span class='ocrx_word' id='word_1_63' title='bbox 1000 1133 1112 1195; x_wconf 90' lang='lat' dir='ltr'><strong>natum</strong></span> <span class='ocrx_word' id='word_1_64' title='bbox 1137 1128 1312 1214; x_wconf 81' lang='lat' dir='ltr'><strong>Cynthium</strong></span> <span class='ocrx_word' id='word_1_65' title='bbox 1336 1132 1392 1196; x_wconf 93' lang='lat' dir='ltr'><strong>de·</strong></span> 
     </span>
     <span class='ocr_line' id='line_1_9' title="bbox 242 1235 1396 1322; baseline 0.004 -23"><span class='ocrx_word' id='word_1_66' title='bbox 242 1236 376 1318; x_wconf 88' lang='lat' dir='ltr'><strong>periisse</strong></span> <span class='ocrx_word' id='word_1_67' title='bbox 406 1258 472 1301; x_wconf 92' lang='lat' dir='ltr'><strong>non</strong></span> <span class='ocrx_word' id='word_1_68' title='bbox 502 1237 589 1301; x_wconf 89' lang='lat' dir='ltr'><strong>iusto</strong></span> <span class='ocrx_word' id='word_1_69' title='bbox 621 1235 772 1300; x_wconf 89' lang='lat' dir='ltr'><strong>audacius</strong></span> <span class='ocrx_word' id='word_1_70' title='bbox 804 1237 1003 1322; x_wconf 85' lang='lat' dir='ltr'><strong>colligemus.</strong></span> <span class='ocrx_word' id='word_1_71' title='bbox 1049 1237 1145 1318; x_wconf 89' lang='lat' dir='ltr'><strong>unde,</strong></span> <span class='ocrx_word' id='word_1_72' title='bbox 1175 1259 1248 1302; x_wconf 92' lang='lat' dir='ltr'><strong>cum</strong></span> <span class='ocrx_word' id='word_1_73' title='bbox 1278 1261 1396 1304; x_wconf 92' lang='lat' dir='ltr'><strong>mono·</strong></span> 
     </span>
     <span class='ocr_line' id='line_1_10' title="bbox 242 1341 1397 1428; baseline 0.003 -22"><span class='ocrx_word' id='word_1_74' title='bbox 242 1341 355 1406; x_wconf 91' lang='lat' dir='ltr'><strong>biblon</strong></span> <span class='ocrx_word' id='word_1_75' title='bbox 379 1365 473 1407; x_wconf 90' lang='lat' dir='ltr'><strong>suum</strong></span> <span class='ocrx_word' id='word_1_76' title='bbox 495 1343 550 1407; x_wconf 91' lang='lat' dir='ltr'><strong>ille</strong></span> <span class='ocrx_word' id='word_1_77' title='bbox 573 1365 638 1408; x_wconf 89' lang='lat' dir='ltr'><strong>uno</strong></span> <span class='ocrx_word' id='word_1_78' title='bbox 662 1365 747 1408; x_wconf 89' lang='lat' dir='ltr'><strong>anno</strong></span> <span class='ocrx_word' id='word_1_79' title='bbox 771 1346 847 1426; x_wconf 88' lang='lat' dir='ltr'><strong>post</strong></span> <span class='ocrx_word' id='word_1_80' title='bbox 870 1343 1014 1428; x_wconf 87' lang='lat' dir='ltr'><strong>ediderit,</strong></span> <span class='ocrx_word' id='word_1_81' title='bbox 1037 1347 1123 1408; x_wconf 86' lang='lat' dir='ltr'><strong>recte</strong></span> <span class='ocrx_word' id='word_1_82' title='bbox 1142 1343 1289 1408; x_wconf 91' lang='lat' dir='ltr'><strong>uidemus</strong></span> <span class='ocrx_word' id='word_1_83' title='bbox 1304 1344 1397 1410; x_wconf 88' lang='lat' dir='ltr'><strong>Mar-</strong></span> 
     </span>
     <span class='ocr_line' id='line_1_11' title="bbox 242 1447 1396 1534; baseline 0.005 -22"><span class='ocrx_word' id='word_1_84' title='bbox 242 1449 353 1515; x_wconf 87' lang='lat' dir='ltr'><strong>tialem</strong></span> <span class='ocrx_word' id='word_1_85' title='bbox 383 1447 475 1530; x_wconf 86' lang='lat' dir='ltr'>[XIV</span> <span class='ocrx_word' id='word_1_86' title='bbox 500 1450 576 1531; x_wconf 87' lang='lat'>189]</span> <span class='ocrx_word' id='word_1_87' title='bbox 604 1450 745 1514; x_wconf 87' lang='lat' dir='ltr'><strong>iuuenile</strong></span> <span class='ocrx_word' id='word_1_88' title='bbox 772 1449 935 1534; x_wconf 73' lang='lat' dir='ltr'><strong>Propertii</strong></span> <span class='ocrx_word' id='word_1_89' title='bbox 967 1471 1096 1515; x_wconf 87' lang='lat' dir='ltr'><strong>carmen</strong></span> <span class='ocrx_word' id='word_1_90' title='bbox 1127 1449 1284 1516; x_wconf 89' lang='lat' dir='ltr'><strong>laudasse.</strong></span> <span class='ocrx_word' id='word_1_91' title='bbox 1329 1475 1396 1518; x_wconf 91' lang='lat' dir='ltr'><strong>nec</strong></span> 
     </span>
     <span class='ocr_line' id='line_1_12' title="bbox 242 1554 1396 1640; baseline 0.005 -21"><span class='ocrx_word' id='word_1_92' title='bbox 242 1577 309 1620; x_wconf 90' lang='lat' dir='ltr'><strong>non</strong></span> <span class='ocrx_word' id='word_1_93' title='bbox 330 1559 447 1640; x_wconf 90' lang='lat' dir='ltr'><strong>poetae</strong></span> <span class='ocrx_word' id='word_1_94' title='bbox 471 1579 593 1622; x_wconf 90' lang='lat' dir='ltr'><strong>annum</strong></span> <span class='ocrx_word' id='word_1_95' title='bbox 616 1556 758 1620; x_wconf 88' lang='lat' dir='ltr'><strong>natalem</strong></span> <span class='ocrx_word' id='word_1_96' title='bbox 782 1556 825 1620; x_wconf 87' lang='grc'><strong>46</strong></span> <span class='ocrx_word' id='word_1_97' title='bbox 850 1555 918 1620; x_wconf 90' lang='lat' dir='ltr'><strong>siue</strong></span> <span class='ocrx_word' id='word_1_98' title='bbox 939 1555 983 1621; x_wconf 84' lang='lat'><strong>45</strong></span> <span class='ocrx_word' id='word_1_99' title='bbox 1007 1579 1034 1622; x_wconf 88' lang='lat' dir='ltr'><strong>a</strong></span> <span class='ocrx_word' id='word_1_100' title='bbox 1049 1554 1124 1621; x_wconf 80' lang='lat' dir='ltr'><strong>chr.</strong></span> <span class='ocrx_word' id='word_1_101' title='bbox 1142 1579 1174 1622; x_wconf 89' lang='lat' dir='ltr'><strong>n.</strong></span> <span class='ocrx_word' id='word_1_102' title='bbox 1192 1557 1295 1624; x_wconf 86' lang='lat' dir='ltr'><strong>fuisse</strong></span> <span class='ocrx_word' id='word_1_103' title='bbox 1312 1559 1396 1626; x_wconf 92' lang='lat' dir='ltr'><strong>hinc</strong></span> 
     </span>
     <span class='ocr_line' id='line_1_13' title="bbox 243 1664 651 1740; baseline 0.005 -12"><span class='ocrx_word' id='word_1_104' title='bbox 243 1665 330 1728; x_wconf 89' lang='lat' dir='ltr'><strong>certo</strong></span> <span class='ocrx_word' id='word_1_105' title='bbox 349 1664 430 1740; x_wconf 76' lang='lat' dir='ltr'><strong>iicet</strong></span> <span class='ocrx_word' id='word_1_106' title='bbox 452 1664 651 1730; x_wconf 85' lang='lat' dir='ltr'><strong>concludere.</strong></span> 
     </span>
    </p>

    <p class='ocr_par' dir='ltr' id='par_1_3' title="bbox 332 1769 1397 1857">
     <span class='ocr_line' id='line_1_14' title="bbox 332 1769 1397 1857; baseline 0.003 -21"><span class='ocrx_word' id='word_1_107' title='bbox 332 1769 447 1837; x_wconf 88' lang='lat' dir='ltr'><strong>Denuo</strong></span> <span class='ocrx_word' id='word_1_108' title='bbox 472 1774 580 1836; x_wconf 90' lang='lat' dir='ltr'><strong>autem</strong></span> <span class='ocrx_word' id='word_1_109' title='bbox 603 1793 667 1855; x_wconf 86' lang='lat' dir='ltr'><strong>pax</strong></span> <span class='ocrx_word' id='word_1_110' title='bbox 690 1771 775 1835; x_wconf 89' lang='lat' dir='ltr'><strong>inter</strong></span> <span class='ocrx_word' id='word_1_111' title='bbox 799 1773 943 1834; x_wconf 88' lang='lat' dir='ltr'><strong>amantes</strong></span> <span class='ocrx_word' id='word_1_112' title='bbox 968 1772 1146 1836; x_wconf 87' lang='lat' dir='ltr'><strong>constituta</strong></span> <span class='ocrx_word' id='word_1_113' title='bbox 1167 1773 1397 1857; x_wconf 67' lang='lat' dir='ltr'><strong>rumpebatur,</strong></span> 
     </span>
    </p>
   </div>
   <div class='ocr_carea' id='block_1_3' title="bbox 107 1876 1398 2071">
    <p class='ocr_par' dir='ltr' id='par_1_4' title="bbox 107 1876 1398 2071">
     <span class='ocr_line' id='line_1_15' title="bbox 107 1876 1398 1964; baseline 0.002 -20"><span class='ocrx_word' id='word_1_114' title='bbox 107 1921 108 1926; x_wconf 21' lang='grc' dir='ltr'><strong>κ</strong></span> <span class='ocrx_word' id='word_1_115' title='bbox 243 1882 417 1964; x_wconf 89' lang='lat' dir='ltr'><strong>postquam</strong></span> <span class='ocrx_word' id='word_1_116' title='bbox 435 1877 591 1962; x_wconf 85' lang='lat' dir='ltr'><strong>Panthus,</strong></span> <span class='ocrx_word' id='word_1_117' title='bbox 614 1878 668 1962; x_wconf 92' lang='lat' dir='ltr'><strong>qui</strong></span> <span class='ocrx_word' id='word_1_118' title='bbox 692 1900 719 1942; x_wconf 92' lang='lat' dir='ltr'><strong>a.</strong></span> <span class='ocrx_word' id='word_1_119' title='bbox 734 1877 776 1942; x_wconf 82' lang='lat'><strong>26</strong></span> <span class='ocrx_word' id='word_1_120' title='bbox 800 1877 986 1942; x_wconf 82' lang='lat' dir='ltr'><strong>deseruerat</strong></span> <span class='ocrx_word' id='word_1_121' title='bbox 1000 1876 1184 1964; x_wconf 76' lang='lat' dir='ltr'><strong>Cynthium,</strong></span> <span class='ocrx_word' id='word_1_122' title='bbox 1208 1902 1235 1945; x_wconf 88' lang='lat' dir='ltr'><strong>a.</strong></span> <span class='ocrx_word' id='word_1_123' title='bbox 1249 1879 1398 1946; x_wconf 85' lang='lat' dir='ltr'><strong>fortasse</strong></span> 
     </span>
     <span class='ocr_line' id='line_1_16' title="bbox 113 1984 1398 2071; baseline 0.002 -21"><span class='ocrx_word' id='word_1_124' title='bbox 113 2055 120 2066; x_wconf 58' lang='grc'><strong>,</strong></span> <span class='ocrx_word' id='word_1_125' title='bbox 244 1986 289 2050; x_wconf 91' lang='grc'><strong>24</strong></span> <span class='ocrx_word' id='word_1_126' title='bbox 312 1984 449 2052; x_wconf 81' lang='lat' dir='ltr'><strong>Romam</strong></span> <span class='ocrx_word' id='word_1_127' title='bbox 472 1985 615 2050; x_wconf 86' lang='lat' dir='ltr'><strong>reuertit.</strong></span> <span class='ocrx_word' id='word_1_128' title='bbox 645 2005 740 2068; x_wconf 88' lang='lat' dir='ltr'><strong>quem</strong></span> <span class='ocrx_word' id='word_1_129' title='bbox 763 1985 871 2068; x_wconf 91' lang='lat' dir='ltr'><strong>puella</strong></span> <span class='ocrx_word' id='word_1_130' title='bbox 894 2006 980 2050; x_wconf 90' lang='lat' dir='ltr'><strong>nouo</strong></span> <span class='ocrx_word' id='word_1_131' title='bbox 1005 2007 1114 2050; x_wconf 91' lang='lat' dir='ltr'><strong>amore</strong></span> <span class='ocrx_word' id='word_1_132' title='bbox 1137 1985 1294 2071; x_wconf 82' lang='lat' dir='ltr'><strong>instigata</strong></span> <span class='ocrx_word' id='word_1_133' title='bbox 1319 2009 1398 2052; x_wconf 89' lang='lat' dir='ltr'><strong>cum</strong></span> 
     </span>
    </p>
   </div>
   <div class='ocr_carea' id='block_1_4' title="bbox 245 2089 1399 2286">
    <p class='ocr_par' dir='ltr' id='par_1_5' title="bbox 245 2089 1399 2286">
     <span class='ocr_line' id='line_1_17' title="bbox 246 2089 1399 2180; baseline 0.002 -23"><span class='ocrx_word' id='word_1_134' title='bbox 246 2096 414 2179; x_wconf 90' lang='lat' dir='ltr'><strong>appeteret</strong></span> <span class='ocrx_word' id='word_1_135' title='bbox 446 2089 741 2180; x_wconf 83' lang='lat' dir='ltr'><strong>(11120‚1sqq.,</strong></span> <span class='ocrx_word' id='word_1_136' title='bbox 771 2091 805 2156; x_wconf 94' lang='grc' dir='ltr'><strong><em>Π</em></strong></span> <span class='ocrx_word' id='word_1_137' title='bbox 832 2092 867 2177; x_wconf 86' lang='lat'><strong>9,</strong></span> <span class='ocrx_word' id='word_1_138' title='bbox 895 2090 957 2178; x_wconf 82' lang='lat'><strong>23)</strong></span> <span class='ocrx_word' id='word_1_139' title='bbox 989 2093 1089 2157; x_wconf 88' lang='lat' dir='ltr'><strong>misso</strong></span> <span class='ocrx_word' id='word_1_140' title='bbox 1121 2093 1306 2178; x_wconf 75' lang='lat' dir='ltr'><strong>Propontis,</strong></span> <span class='ocrx_word' id='word_1_141' title='bbox 1340 2095 1399 2160; x_wconf 91' lang='lat' dir='ltr'><strong>hic</strong></span> 
     </span>
     <span class='ocr_line' id='line_1_18' title="bbox 245 2199 1399 2286; baseline -0.001 -19"><span class='ocrx_word' id='word_1_142' title='bbox 245 2223 378 2286; x_wconf 84' lang='lat' dir='ltr'><strong>operam</strong></span> <span class='ocrx_word' id='word_1_143' title='bbox 401 2223 531 2267; x_wconf 90' lang='lat' dir='ltr'><strong>omnem</strong></span> <span class='ocrx_word' id='word_1_144' title='bbox 550 2201 585 2266; x_wconf 89' lang='lat' dir='ltr'><strong>in</strong></span> <span class='ocrx_word' id='word_1_145' title='bbox 598 2223 637 2266; x_wconf 88' lang='lat' dir='ltr'><strong>ea</strong></span> <span class='ocrx_word' id='word_1_146' title='bbox 654 2199 825 2265; x_wconf 91' lang='lat' dir='ltr'><strong>retinenda</strong></span> <span class='ocrx_word' id='word_1_147' title='bbox 846 2199 968 2264; x_wconf 85' lang='lat' dir='ltr'><strong>frustra</strong></span> <span class='ocrx_word' id='word_1_148' title='bbox 992 2201 1138 2265; x_wconf 87' lang='lat' dir='ltr'><strong>consumi</strong></span> <span class='ocrx_word' id='word_1_149' title='bbox 1160 2201 1272 2266; x_wconf 87' lang='lat' dir='ltr'><strong>uidens</strong></span> <span class='ocrx_word' id='word_1_150' title='bbox 1292 2223 1399 2286; x_wconf 89' lang='lat' dir='ltr'><strong>seque</strong></span> 
     </span>
    </p>
   </div>
   <div class='ocr_carea' id='block_1_5' title="bbox 107 2306 1398 2395">
    <p class='ocr_par' dir='ltr' id='par_1_6' title="bbox 107 2306 1398 2395">
     <span class='ocr_line' id='line_1_19' title="bbox 107 2306 1398 2395; baseline -0.001 -21"><span class='ocrx_word' id='word_1_151' title='bbox 107 2347 110 2352; x_wconf 93' lang='lat'>·</span> <span class='ocrx_word' id='word_1_152' title='bbox 245 2310 279 2373; x_wconf 92' lang='lat' dir='ltr'><strong>in</strong></span> <span class='ocrx_word' id='word_1_153' title='bbox 307 2309 456 2374; x_wconf 87' lang='lat' dir='ltr'><strong>conuiuio</strong></span> <span class='ocrx_word' id='word_1_154' title='bbox 485 2307 626 2395; x_wconf 89' lang='lat' dir='ltr'><strong>quodam</strong></span> <span class='ocrx_word' id='word_1_155' title='bbox 653 2307 792 2373; x_wconf 89' lang='lat' dir='ltr'><strong>feminae</strong></span> <span class='ocrx_word' id='word_1_156' title='bbox 820 2311 917 2391; x_wconf 91' lang='lat' dir='ltr'><strong>potae</strong></span> <span class='ocrx_word' id='word_1_157' title='bbox 945 2306 1046 2371; x_wconf 89' lang='lat' dir='ltr'><strong>risum</strong></span> <span class='ocrx_word' id='word_1_158' title='bbox 1073 2306 1173 2372; x_wconf 85' lang='lat' dir='ltr'><strong>fuisse</strong></span> <span class='ocrx_word' id='word_1_159' title='bbox 1201 2306 1398 2392; x_wconf 84' lang='lat' dir='ltr'><strong>indignatus</strong></span> 
     </span>
    </p>
   </div>
   <div class='ocr_carea' id='block_1_6' title="bbox 208 2413 1401 4542">
    <p class='ocr_par' dir='ltr' id='par_1_7' title="bbox 244 2413 1401 3679">
     <span class='ocr_line' id='line_1_20' title="bbox 245 2413 1398 2500; baseline 0 -20"><span class='ocrx_word' id='word_1_160' title='bbox 245 2416 375 2481; x_wconf 87' lang='lat' dir='ltr'><strong>taudem</strong></span> <span class='ocrx_word' id='word_1_161' title='bbox 398 2417 432 2480; x_wconf 91' lang='lat' dir='ltr'><strong>in</strong></span> <span class='ocrx_word' id='word_1_162' title='bbox 460 2437 554 2480; x_wconf 90' lang='lat' dir='ltr'><strong>omne</strong></span> <span class='ocrx_word' id='word_1_163' title='bbox 581 2417 711 2500; x_wconf 89' lang='lat' dir='ltr'><strong>tempus</strong></span> <span class='ocrx_word' id='word_1_164' title='bbox 735 2414 775 2480; x_wconf 92' lang='lat' dir='ltr'><strong>ab</strong></span> <span class='ocrx_word' id='word_1_165' title='bbox 805 2415 910 2480; x_wconf 89' lang='lat' dir='ltr'><strong>amica</strong></span> <span class='ocrx_word' id='word_1_166' title='bbox 932 2414 1032 2479; x_wconf 88' lang='lat' dir='ltr'><strong>infida</strong></span> <span class='ocrx_word' id='word_1_167' title='bbox 1060 2413 1208 2479; x_wconf 87' lang='lat' dir='ltr'><strong>discessit</strong></span> <span class='ocrx_word' id='word_1_168' title='bbox 1231 2414 1300 2479; x_wconf 89' lang='lat' dir='ltr'><strong>siue</strong></span> <span class='ocrx_word' id='word_1_169' title='bbox 1331 2417 1398 2480; x_wconf 91' lang='lat' dir='ltr'><strong>sub</strong></span> 
     </span>
     <span class='ocr_line' id='line_1_21' title="bbox 245 2520 1399 2607; baseline -0.002 -19"><span class='ocrx_word' id='word_1_170' title='bbox 245 2523 334 2588; x_wconf 88' lang='lat' dir='ltr'><strong>exitu</strong></span> <span class='ocrx_word' id='word_1_171' title='bbox 358 2547 385 2588; x_wconf 92' lang='lat' dir='ltr'><strong>a.</strong></span> <span class='ocrx_word' id='word_1_172' title='bbox 400 2524 444 2588; x_wconf 89' lang='grc'><strong>24</strong></span> <span class='ocrx_word' id='word_1_173' title='bbox 468 2522 536 2588; x_wconf 92' lang='lat' dir='ltr'><strong>siue</strong></span> <span class='ocrx_word' id='word_1_174' title='bbox 559 2521 733 2607; x_wconf 87' lang='lat' dir='ltr'><strong>incipiente</strong></span> <span class='ocrx_word' id='word_1_175' title='bbox 756 2544 783 2587; x_wconf 91' lang='lat' dir='ltr'><strong>a.</strong></span> <span class='ocrx_word' id='word_1_176' title='bbox 798 2522 841 2586; x_wconf 91' lang='grc'><strong>23</strong></span> <span class='ocrx_word' id='word_1_177' title='bbox 865 2520 919 2605; x_wconf 90' lang='lat' dir='ltr'><strong>(cf.</strong></span> <span class='ocrx_word' id='word_1_178' title='bbox 942 2520 992 2586; x_wconf 89' lang='lat' dir='ltr'><strong>HI</strong></span> <span class='ocrx_word' id='word_1_179' title='bbox 1016 2522 1067 2605; x_wconf 85' lang='grc'><strong>24,</strong></span> <span class='ocrx_word' id='word_1_180' title='bbox 1090 2521 1133 2586; x_wconf 86' lang='grc'><strong>23</strong></span> <span class='ocrx_word' id='word_1_181' title='bbox 1158 2520 1310 2606; x_wconf 70' lang='lat' dir='ltr'><strong>‘quinque</strong></span> <span class='ocrx_word' id='word_1_182' title='bbox 1330 2522 1399 2586; x_wconf 89' lang='lat' dir='ltr'><strong>tibi</strong></span> 
     </span>
     <span class='ocr_line' id='line_1_22' title="bbox 244 2627 1396 2714; baseline -0.001 -19"><span class='ocrx_word' id='word_1_183' title='bbox 244 2630 337 2714; x_wconf 91' lang='lat' dir='ltr'><strong>potui</strong></span> <span class='ocrx_word' id='word_1_184' title='bbox 360 2631 481 2695; x_wconf 91' lang='lat' dir='ltr'><strong>seruire</strong></span> <span class='ocrx_word' id='word_1_185' title='bbox 495 2629 635 2694; x_wconf 90' lang='lat' dir='ltr'><strong>fideliter</strong></span> <span class='ocrx_word' id='word_1_186' title='bbox 653 2627 793 2714; x_wconf 88' lang='lat' dir='ltr'><strong>annos&#39;).</strong></span> <span class='ocrx_word' id='word_1_187' title='bbox 821 2629 912 2693; x_wconf 89' lang='lat' dir='ltr'><strong>cuius</strong></span> <span class='ocrx_word' id='word_1_188' title='bbox 931 2628 1039 2693; x_wconf 90' lang='lat' dir='ltr'><strong>ultimi</strong></span> <span class='ocrx_word' id='word_1_189' title='bbox 1057 2629 1092 2693; x_wconf 91' lang='lat' dir='ltr'><strong>in</strong></span> <span class='ocrx_word' id='word_1_190' title='bbox 1107 2650 1215 2694; x_wconf 89' lang='lat' dir='ltr'><strong>amore</strong></span> <span class='ocrx_word' id='word_1_191' title='bbox 1231 2629 1288 2693; x_wconf 93' lang='lat' dir='ltr'><strong>illo</strong></span> <span class='ocrx_word' id='word_1_192' title='bbox 1306 2632 1396 2694; x_wconf 89' lang='lat' dir='ltr'><strong>tern-</strong></span> 
     </span>
     <span class='ocr_line' id='line_1_23' title="bbox 246 2719 1399 2821; baseline -0.001 -19"><span class='ocrx_word' id='word_1_193' title='bbox 246 2736 334 2821; x_wconf 88' lang='lat' dir='ltr'><strong>poris</strong></span> <span class='ocrx_word' id='word_1_194' title='bbox 362 2736 603 2802; x_wconf 90' lang='lat' dir='ltr'><strong>uicissitudines</strong></span> <span class='ocrx_word' id='word_1_195' title='bbox 631 2736 738 2801; x_wconf 88' lang='lat' dir='ltr'><strong>uarias</strong></span> <span class='ocrx_word' id='word_1_196' title='bbox 768 2733 885 2821; x_wconf 89' lang='lat' dir='ltr'><strong>(ueluti</strong></span> <span class='ocrx_word' id='word_1_197' title='bbox 912 2735 1138 2800; x_wconf 89' lang='lat' dir='ltr'><strong>breuissimum</strong></span> <span class='ocrx_word' id='word_1_198' title='bbox 1168 2719 1226 2819; x_wconf 93' lang='lat' dir='ltr'><strong>per</strong></span> <span class='ocrx_word' id='word_1_199' title='bbox 1249 2736 1399 2819; x_wconf 88' lang='lat' dir='ltr'><strong>spatium</strong></span> 
     </span>
     <span class='ocr_line' id='line_1_24' title="bbox 245 2841 1400 2910; baseline 0.001 -3"><span class='ocrx_word' id='word_1_200' title='bbox 245 2866 366 2910; x_wconf 90' lang='lat' dir='ltr'><strong>nouam</strong></span> <span class='ocrx_word' id='word_1_201' title='bbox 392 2844 688 2909; x_wconf 87' lang='lat' dir='ltr'><strong>reconciliationem</strong></span> <span class='ocrx_word' id='word_1_202' title='bbox 715 2843 815 2909; x_wconf 85' lang='lat' dir='ltr'><strong>fuisse</strong></span> <span class='ocrx_word' id='word_1_203' title='bbox 842 2841 962 2908; x_wconf 89' lang='lat' dir='ltr'><strong>factam</strong></span> <span class='ocrx_word' id='word_1_204' title='bbox 988 2843 1145 2907; x_wconf 88' lang='lat' dir='ltr'><strong>nonnulla</strong></span> <span class='ocrx_word' id='word_1_205' title='bbox 1167 2843 1325 2909; x_wconf 88' lang='lat' dir='ltr'><strong>indicant:</strong></span> <span class='ocrx_word' id='word_1_206' title='bbox 1355 2843 1400 2908; x_wconf 88' lang='lat' dir='ltr'><strong>cf.</strong></span> 
     </span>
     <span class='ocr_line' id='line_1_25' title="bbox 246 2947 1400 3038; baseline -0.002 -22"><span class='ocrx_word' id='word_1_207' title='bbox 246 2950 296 3016; x_wconf 92' lang='grc' dir='ltr'><strong>ΙΙΙ</strong></span> <span class='ocrx_word' id='word_1_208' title='bbox 320 2952 377 3032; x_wconf 82' lang='grc'><strong>20,</strong></span> <span class='ocrx_word' id='word_1_209' title='bbox 404 2953 441 3016; x_wconf 94' lang='grc'><strong>11</strong></span> <span class='ocrx_word' id='word_1_210' title='bbox 459 2974 540 3038; x_wconf 81' lang='lat' dir='ltr'><strong>sqq,</strong></span> <span class='ocrx_word' id='word_1_211' title='bbox 562 2950 596 3016; x_wconf 89' lang='lat' dir='ltr'><strong>H</strong></span> <span class='ocrx_word' id='word_1_212' title='bbox 622 2953 662 3016; x_wconf 90' lang='grc'><strong>12</strong></span> <span class='ocrx_word' id='word_1_213' title='bbox 686 2955 718 3015; x_wconf 89' lang='lat' dir='ltr'><strong>et</strong></span> <span class='ocrx_word' id='word_1_214' title='bbox 744 2947 798 3034; x_wconf 86' lang='lat'><strong>13)</strong></span> <span class='ocrx_word' id='word_1_215' title='bbox 827 2951 941 3016; x_wconf 89' lang='lat' dir='ltr'><strong>melius</strong></span> <span class='ocrx_word' id='word_1_216' title='bbox 966 2950 1122 3035; x_wconf 90' lang='lat' dir='ltr'><strong>dispicere</strong></span> <span class='ocrx_word' id='word_1_217' title='bbox 1152 2950 1247 3015; x_wconf 86' lang='lat' dir='ltr'><strong>nobis</strong></span> <span class='ocrx_word' id='word_1_218' title='bbox 1270 2949 1400 3036; x_wconf 86' lang='lat' dir='ltr'><strong>liceret,</strong></span> 
     </span>
     <span class='ocr_line' id='line_1_26' title="bbox 246 3057 1400 3143; baseline 0 -21"><span class='ocrx_word' id='word_1_219' title='bbox 246 3057 310 3123; x_wconf 88' lang='lat' dir='ltr'><strong>nisi</strong></span> <span class='ocrx_word' id='word_1_220' title='bbox 332 3058 367 3122; x_wconf 92' lang='lat' dir='ltr'><strong>in</strong></span> <span class='ocrx_word' id='word_1_221' title='bbox 389 3057 473 3124; x_wconf 93' lang='lat' dir='ltr'><strong>hanc</strong></span> <span class='ocrx_word' id='word_1_222' title='bbox 495 3058 702 3143; x_wconf 88' lang='lat' dir='ltr'><strong>potissimum</strong></span> <span class='ocrx_word' id='word_1_223' title='bbox 720 3058 876 3123; x_wconf 89' lang='lat' dir='ltr'><strong>librorum</strong></span> <span class='ocrx_word' id='word_1_224' title='bbox 890 3057 1177 3142; x_wconf 88' lang='lat' dir='ltr'><strong>Propertianorum</strong></span> <span class='ocrx_word' id='word_1_225' title='bbox 1199 3059 1326 3141; x_wconf 86' lang='lat' dir='ltr'><strong>partem</strong></span> <span class='ocrx_word' id='word_1_226' title='bbox 1346 3057 1400 3122; x_wconf 89' lang='lat' dir='ltr'><strong>ita</strong></span> 
     </span>
     <span class='ocr_line' id='line_1_27' title="bbox 248 3163 1401 3250; baseline -0.002 -20"><span class='ocrx_word' id='word_1_227' title='bbox 248 3165 420 3231; x_wconf 88' lang='lat' dir='ltr'><strong>saeuiisset</strong></span> <span class='ocrx_word' id='word_1_228' title='bbox 437 3165 549 3250; x_wconf 88' lang='lat' dir='ltr'><strong>iniqua</strong></span> <span class='ocrx_word' id='word_1_229' title='bbox 570 3164 758 3231; x_wconf 84' lang='lat' dir='ltr'><strong>fortunent</strong></span> <span class='ocrx_word' id='word_1_230' title='bbox 777 3187 928 3230; x_wconf 89' lang='lat' dir='ltr'><strong>unacum</strong></span> <span class='ocrx_word' id='word_1_231' title='bbox 946 3164 1035 3230; x_wconf 89' lang='lat' dir='ltr'><strong>foliis</strong></span> <span class='ocrx_word' id='word_1_232' title='bbox 1058 3164 1269 3248; x_wconf 88' lang='lat' dir='ltr'><strong>transpositis</strong></span> <span class='ocrx_word' id='word_1_233' title='bbox 1291 3163 1401 3228; x_wconf 90' lang='lat' dir='ltr'><strong>inter-</strong></span> 
     </span>
     <span class='ocr_line' id='line_1_28' title="bbox 248 3271 1400 3359; baseline 0 -20"><span class='ocrx_word' id='word_1_234' title='bbox 248 3272 391 3339; x_wconf 87' lang='lat' dir='ltr'><strong>ciderent</strong></span> <span class='ocrx_word' id='word_1_235' title='bbox 412 3272 497 3338; x_wconf 88' lang='lat' dir='ltr'><strong>haud</strong></span> <span class='ocrx_word' id='word_1_236' title='bbox 521 3295 633 3359; x_wconf 89' lang='lat' dir='ltr'><strong>pauca.</strong></span> <span class='ocrx_word' id='word_1_237' title='bbox 657 3295 717 3337; x_wconf 87' lang='lat' dir='ltr'><strong>nos</strong></span> <span class='ocrx_word' id='word_1_238' title='bbox 740 3271 791 3337; x_wconf 88' lang='lat' dir='ltr'><strong>his</strong></span> <span class='ocrx_word' id='word_1_239' title='bbox 814 3272 937 3336; x_wconf 90' lang='lat' dir='ltr'><strong>relictis</strong></span> <span class='ocrx_word' id='word_1_240' title='bbox 957 3294 1043 3337; x_wconf 89' lang='lat' dir='ltr'><strong>nunc</strong></span> <span class='ocrx_word' id='word_1_241' title='bbox 1063 3271 1104 3336; x_wconf 94' lang='lat' dir='ltr'><strong>ad</strong></span> <span class='ocrx_word' id='word_1_242' title='bbox 1123 3271 1189 3336; x_wconf 91' lang='lat' dir='ltr'><strong>alia</strong></span> <span class='ocrx_word' id='word_1_243' title='bbox 1206 3271 1400 3339; x_wconf 86' lang='lat' dir='ltr'><strong>transimus.</strong></span> 
     </span>
     <span class='ocr_line' id='line_1_29' title="bbox 247 3377 1401 3464; baseline -0.003 -18"><span class='ocrx_word' id='word_1_244' title='bbox 247 3403 324 3446; x_wconf 89' lang='lat' dir='ltr'><strong>nam</strong></span> <span class='ocrx_word' id='word_1_245' title='bbox 352 3402 424 3445; x_wconf 91' lang='lat' dir='ltr'><strong>cum</strong></span> <span class='ocrx_word' id='word_1_246' title='bbox 447 3384 555 3445; x_wconf 88' lang='lat' dir='ltr'><strong>cetera</strong></span> <span class='ocrx_word' id='word_1_247' title='bbox 581 3381 726 3445; x_wconf 87' lang='lat' dir='ltr'><strong>carmina</strong></span> <span class='ocrx_word' id='word_1_248' title='bbox 753 3379 932 3464; x_wconf 87' lang='lat' dir='ltr'><strong>particulae</strong></span> <span class='ocrx_word' id='word_1_249' title='bbox 962 3379 1048 3444; x_wconf 92' lang='lat' dir='ltr'><strong>illius</strong></span> <span class='ocrx_word' id='word_1_250' title='bbox 1072 3377 1105 3443; x_wconf 91' lang='lat' dir='ltr'><strong>II</strong></span> <span class='ocrx_word' id='word_1_251' title='bbox 1130 3378 1249 3443; x_wconf 78' lang='lat'><strong>7-13</strong></span> <span class='ocrx_word' id='word_1_252' title='bbox 1271 3377 1307 3442; x_wconf 89' lang='lat' dir='ltr'><strong>in</strong></span> <span class='ocrx_word' id='word_1_253' title='bbox 1328 3381 1401 3442; x_wconf 89' lang='lat' dir='ltr'><strong>ter-</strong></span> 
     </span>
     <span class='ocr_line' id='line_1_30' title="bbox 248 3483 1399 3570; baseline -0.003 -17"><span class='ocrx_word' id='word_1_254' title='bbox 248 3489 331 3554; x_wconf 91' lang='lat' dir='ltr'><strong>tium</strong></span> <span class='ocrx_word' id='word_1_255' title='bbox 353 3489 506 3554; x_wconf 91' lang='lat' dir='ltr'><strong>uolumen</strong></span> <span class='ocrx_word' id='word_1_256' title='bbox 529 3489 622 3553; x_wconf 89' lang='lat' dir='ltr'><strong>unice</strong></span> <span class='ocrx_word' id='word_1_257' title='bbox 646 3487 818 3552; x_wconf 90' lang='lat' dir='ltr'><strong>conuenire</strong></span> <span class='ocrx_word' id='word_1_258' title='bbox 842 3487 959 3551; x_wconf 87' lang='lat' dir='ltr'><strong>attenti</strong></span> <span class='ocrx_word' id='word_1_259' title='bbox 981 3485 1133 3569; x_wconf 88' lang='lat' dir='ltr'><strong>lectores,</strong></span> <span class='ocrx_word' id='word_1_260' title='bbox 1156 3488 1194 3550; x_wconf 92' lang='lat' dir='ltr'><strong>ut</strong></span> <span class='ocrx_word' id='word_1_261' title='bbox 1216 3489 1305 3570; x_wconf 87' lang='lat' dir='ltr'><strong>puto,</strong></span> <span class='ocrx_word' id='word_1_262' title='bbox 1326 3483 1399 3550; x_wconf 89' lang='lat' dir='ltr'><strong>iam</strong></span> 
     </span>
     <span class='ocr_line' id='line_1_31' title="bbox 250 3591 1203 3679; baseline -0.006 -17"><span class='ocrx_word' id='word_1_263' title='bbox 250 3595 478 3679; x_wconf 85' lang='lat' dir='ltr'><strong>intellexerint,</strong></span> <span class='ocrx_word' id='word_1_264' title='bbox 500 3598 604 3660; x_wconf 88' lang='lat' dir='ltr'><strong>restat</strong></span> <span class='ocrx_word' id='word_1_265' title='bbox 626 3597 663 3659; x_wconf 88' lang='lat' dir='ltr'><strong>ut</strong></span> <span class='ocrx_word' id='word_1_266' title='bbox 686 3594 724 3659; x_wconf 89' lang='lat' dir='ltr'><strong>de</strong></span> <span class='ocrx_word' id='word_1_267' title='bbox 748 3593 873 3659; x_wconf 86' lang='lat' dir='ltr'><strong>duobus</strong></span> <span class='ocrx_word' id='word_1_268' title='bbox 895 3593 1053 3658; x_wconf 88' lang='lat' dir='ltr'><strong>nonnulla</strong></span> <span class='ocrx_word' id='word_1_269' title='bbox 1076 3591 1203 3656; x_wconf 87' lang='lat' dir='ltr'><strong>addam.</strong></span> 
     </span>
    </p>

    <p class='ocr_par' dir='ltr' id='par_1_8' title="bbox 208 3698 1400 4542">
     <span class='ocr_line' id='line_1_32' title="bbox 338 3698 1400 3786; baseline -0.002 -20"><span class='ocrx_word' id='word_1_270' title='bbox 338 3701 472 3786; x_wconf 79' lang='lat' dir='ltr'><strong>Elegiae</strong></span> <span class='ocrx_word' id='word_1_271' title='bbox 500 3700 673 3768; x_wconf 87' lang='grc'><strong>111011,</strong></span> <span class='ocrx_word' id='word_1_272' title='bbox 700 3701 828 3766; x_wconf 86' lang='lat'>13—18</span> <span class='ocrx_word' id='word_1_273' title='bbox 856 3699 1033 3785; x_wconf 90' lang='lat' dir='ltr'><strong>respiciunt</strong></span> <span class='ocrx_word' id='word_1_274' title='bbox 1059 3721 1111 3764; x_wconf 89' lang='lat' dir='ltr'><strong>res</strong></span> <span class='ocrx_word' id='word_1_275' title='bbox 1139 3698 1281 3784; x_wconf 80' lang='lat' dir='ltr'><strong>Augusti</strong></span> <span class='ocrx_word' id='word_1_276' title='bbox 1307 3699 1400 3764; x_wconf 89' lang='lat' dir='ltr'><strong>intra</strong></span> 
     </span>
     <span class='ocr_line' id='line_1_33' title="bbox 208 3804 1400 3893; baseline -0.003 -19"><span class='ocrx_word' id='word_1_277' title='bbox 208 3862 214 3874; x_wconf 95' lang='lat'><strong>.</strong></span> <span class='ocrx_word' id='word_1_278' title='bbox 251 3833 279 3874; x_wconf 91' lang='lat' dir='ltr'><strong>a.</strong></span> <span class='ocrx_word' id='word_1_279' title='bbox 302 3809 436 3874; x_wconf 88' lang='grc'>23-20</span> <span class='ocrx_word' id='word_1_280' title='bbox 458 3812 568 3893; x_wconf 80' lang='lat' dir='ltr'><strong>gestas</strong></span> <span class='ocrx_word' id='word_1_281' title='bbox 595 3808 648 3890; x_wconf 89' lang='lat' dir='ltr'><strong>[ef.</strong></span> <span class='ocrx_word' id='word_1_282' title='bbox 662 3807 883 3873; x_wconf 91' lang='lat' dir='ltr'><strong>Mommsenus</strong></span> <span class='ocrx_word' id='word_1_283' title='bbox 903 3807 937 3870; x_wconf 89' lang='lat' dir='ltr'><strong>in</strong></span> <span class='ocrx_word' id='word_1_284' title='bbox 961 3827 1104 3871; x_wconf 90' lang='lat' dir='ltr'><strong>monum.</strong></span> <span class='ocrx_word' id='word_1_285' title='bbox 1120 3804 1240 3888; x_wconf 78' lang='lat' dir='ltr'><strong>Ancyr.</strong></span> <span class='ocrx_word' id='word_1_286' title='bbox 1255 3809 1400 3870; x_wconf 87' lang='lat' dir='ltr'><strong>enarrat.</strong></span> 
     </span>
     <span class='ocr_line' id='line_1_34' title="bbox 249 3912 1399 4003; baseline -0.004 -21"><span class='ocrx_word' id='word_1_287' title='bbox 249 3941 280 4003; x_wconf 89' lang='lat' dir='ltr'><strong>p.</strong></span> <span class='ocrx_word' id='word_1_288' title='bbox 296 3917 338 3982; x_wconf 76' lang='lat'><strong>73</strong></span> <span class='ocrx_word' id='word_1_289' title='bbox 354 3937 437 4000; x_wconf 82' lang='lat' dir='ltr'><strong>sqq,</strong></span> <span class='ocrx_word' id='word_1_290' title='bbox 463 3913 715 4000; x_wconf 87' lang='lat' dir='ltr'><strong>Luetiohannus,</strong></span> <span class='ocrx_word' id='word_1_291' title='bbox 738 3917 907 3980; x_wconf 85' lang='lat' dir='ltr'><strong>comment</strong></span> <span class='ocrx_word' id='word_1_292' title='bbox 931 3912 1026 3998; x_wconf 91' lang='lat' dir='ltr'><strong>Prop.</strong></span> <span class='ocrx_word' id='word_1_293' title='bbox 1049 3934 1080 3997; x_wconf 92' lang='lat' dir='ltr'><strong>p.</strong></span> <span class='ocrx_word' id='word_1_294' title='bbox 1101 3913 1173 3996; x_wconf 81' lang='grc'><strong>19],</strong></span> <span class='ocrx_word' id='word_1_295' title='bbox 1197 3912 1323 3976; x_wconf 89' lang='lat' dir='ltr'><strong>sedita</strong></span> <span class='ocrx_word' id='word_1_296' title='bbox 1347 3934 1399 3977; x_wconf 88' lang='lat' dir='ltr'><strong>re·</strong></span> 
     </span>
     <span class='ocr_line' id='line_1_35' title="bbox 250 4019 1398 4112; baseline -0.003 -23"><span class='ocrx_word' id='word_1_297' title='bbox 250 4025 393 4112; x_wconf 91' lang='lat' dir='ltr'><strong>spiciunt</strong></span> <span class='ocrx_word' id='word_1_298' title='bbox 422 4026 460 4090; x_wconf 87' lang='lat' dir='ltr'><strong>ut</strong></span> <span class='ocrx_word' id='word_1_299' title='bbox 492 4024 561 4108; x_wconf 93' lang='lat' dir='ltr'><strong>spei</strong></span> <span class='ocrx_word' id='word_1_300' title='bbox 592 4024 711 4108; x_wconf 87' lang='lat' dir='ltr'><strong>laetae,</strong></span> <span class='ocrx_word' id='word_1_301' title='bbox 744 4045 808 4108; x_wconf 91' lang='lat' dir='ltr'><strong>qua</strong></span> <span class='ocrx_word' id='word_1_302' title='bbox 841 4021 1078 4106; x_wconf 86' lang='lat' dir='ltr'><strong>expeditionem</strong></span> <span class='ocrx_word' id='word_1_303' title='bbox 1113 4023 1227 4085; x_wconf 89' lang='lat' dir='ltr'><strong>contra</strong></span> <span class='ocrx_word' id='word_1_304' title='bbox 1259 4019 1398 4085; x_wconf 88' lang='lat' dir='ltr'><strong>orientis</strong></span> 
     </span>
     <span class='ocr_line' id='line_1_36' title="bbox 252 4127 1398 4221; baseline -0.007 -22"><span class='ocrx_word' id='word_1_305' title='bbox 252 4137 365 4221; x_wconf 84' lang='lat' dir='ltr'><strong>gentes</strong></span> <span class='ocrx_word' id='word_1_306' title='bbox 404 4131 642 4216; x_wconf 87' lang='lat' dir='ltr'><strong>suscipiendam</strong></span> <span class='ocrx_word' id='word_1_307' title='bbox 679 4129 958 4215; x_wconf 87' lang='lat' dir='ltr'><strong>prosequebantur</strong></span> <span class='ocrx_word' id='word_1_308' title='bbox 992 4127 1146 4211; x_wconf 84' lang='lat' dir='ltr'><strong>Romani,</strong></span> <span class='ocrx_word' id='word_1_309' title='bbox 1183 4127 1398 4210; x_wconf 87' lang='lat' dir='ltr'><strong>interpretem</strong></span> 
     </span>
     <span class='ocr_line' id='line_1_37' title="bbox 251 4233 1399 4326; baseline -0.007 -19"><span class='ocrx_word' id='word_1_310' title='bbox 251 4262 352 4326; x_wconf 89' lang='lat' dir='ltr'><strong>agens</strong></span> <span class='ocrx_word' id='word_1_311' title='bbox 380 4244 472 4306; x_wconf 84' lang='lat' dir='ltr'><strong>uates</strong></span> <span class='ocrx_word' id='word_1_312' title='bbox 500 4239 650 4324; x_wconf 84' lang='lat' dir='ltr'><strong>Augusto</strong></span> <span class='ocrx_word' id='word_1_313' title='bbox 679 4237 784 4302; x_wconf 86' lang='lat' dir='ltr'><strong>adhuc</strong></span> <span class='ocrx_word' id='word_1_314' title='bbox 811 4235 935 4303; x_wconf 87' lang='lat' dir='ltr'><strong>Romae</strong></span> <span class='ocrx_word' id='word_1_315' title='bbox 968 4235 1112 4299; x_wconf 88' lang='lat' dir='ltr'><strong>uersanti</strong></span> <span class='ocrx_word' id='word_1_316' title='bbox 1144 4233 1254 4298; x_wconf 85' lang='lat' dir='ltr'><strong>fausta</strong></span> <span class='ocrx_word' id='word_1_317' title='bbox 1285 4235 1399 4299; x_wconf 87' lang='lat' dir='ltr'><strong>omnia</strong></span> 
     </span>
     <span class='ocr_line' id='line_1_38' title="bbox 252 4340 1399 4432; baseline -0.007 -18"><span class='ocrx_word' id='word_1_318' title='bbox 252 4349 412 4414; x_wconf 89' lang='lat' dir='ltr'><strong>ominetur</strong></span> <span class='ocrx_word' id='word_1_319' title='bbox 430 4367 685 4432; x_wconf 88' lang='lat' dir='ltr'><strong>praeconemque</strong></span> <span class='ocrx_word' id='word_1_320' title='bbox 702 4343 914 4409; x_wconf 88' lang='lat' dir='ltr'><strong>uictoriarum</strong></span> <span class='ocrx_word' id='word_1_321' title='bbox 932 4341 1117 4407; x_wconf 88' lang='lat' dir='ltr'><strong>futurarum</strong></span> <span class='ocrx_word' id='word_1_322' title='bbox 1132 4363 1203 4405; x_wconf 89' lang='lat' dir='ltr'><strong>sese</strong></span> <span class='ocrx_word' id='word_1_323' title='bbox 1222 4340 1399 4424; x_wconf 87' lang='lat' dir='ltr'><strong>promittat</strong></span> 
     </span>
     <span class='ocr_line' id='line_1_39' title="bbox 252 4447 1398 4542; baseline -0.006 -22"><span class='ocrx_word' id='word_1_324' title='bbox 252 4455 308 4542; x_wconf 87' lang='lat' dir='ltr'><strong>(cf.</strong></span> <span class='ocrx_word' id='word_1_325' title='bbox 335 4478 365 4519; x_wconf 94' lang='lat' dir='ltr'><strong>u.</strong></span> <span class='ocrx_word' id='word_1_326' title='bbox 395 4455 435 4518; x_wconf 88' lang='lat'><strong>19</strong></span> <span class='ocrx_word' id='word_1_327' title='bbox 460 4452 531 4540; x_wconf 85' lang='lat' dir='ltr'><strong>sq).</strong></span> <span class='ocrx_word' id='word_1_328' title='bbox 579 4452 671 4517; x_wconf 90' lang='lat' dir='ltr'><strong>nulla</strong></span> <span class='ocrx_word' id='word_1_329' title='bbox 706 4451 808 4538; x_wconf 85' lang='lat' dir='ltr'><strong>igitur</strong></span> <span class='ocrx_word' id='word_1_330' title='bbox 850 4472 948 4516; x_wconf 88' lang='lat' dir='ltr'><strong>causa</strong></span> <span class='ocrx_word' id='word_1_331' title='bbox 989 4448 1183 4533; x_wconf 89' lang='lat' dir='ltr'><strong>impedimur</strong></span> <span class='ocrx_word' id='word_1_332' title='bbox 1224 4447 1398 4532; x_wconf 87' lang='lat' dir='ltr'><strong>quominus</strong></span> 
     </span>
    </p>
   </div>
   <div class='ocr_carea' id='block_1_7' title="bbox 0 0 1519 5064">
    <p class='ocr_par' dir='ltr' id='par_1_9' title="bbox 0 0 1519 5064">
     <span class='ocr_line' id='line_1_40' title="bbox 0 0 1519 5064; baseline 0 0"><span class='ocrx_word' id='word_1_333' title='bbox 0 0 1519 5064; x_wconf 95' lang='lat' dir='ltr'><strong> </strong></span> 
     </span>
    </p>
   </div>
  </div>
 </body>
</html>
