3052 5044
276 289 341 354 114
646 295 843 354 PROPERTII
861 296 928 354 LlB.
947 295 996 352 Ill.
1015 303 1041 351 t.

406 453 555 520 Riualem
578 456 702 522 nullam
726 459 829 524 dicere
852 459 972 524 habere
995 457 1105 526 domi?

362 557 489 625 Gaudet
511 584 562 626 me
586 585 688 630 uacuo
713 566 817 631 solam
840 564 1006 632 tabescere
1028 565 1128 630 lecto:

408 666 443 732 Si
466 669 588 754 placet,
611 671 758 756 insultet,
781 671 961 757 Lygdum,
985 675 1089 737 morte
1113 672 1199 736 mea!

317 789 351 838 25
360 773 392 838 Ν
395 796 436 838 on
460 796 512 839 me
535 777 680 842 moribus
702 779 775 863 ills,
799 778 855 844 sed
877 778 986 844 herbis
1009 778 1149 862 inproba
1170 778 1265 844 uicit:

406 878 573 950 Staminea
595 884 726 950 rhombi
749 885 877 952 ducitur
900 885 954 950 ille
978 890 1063 970 rota3

359 986 455 1052 Illum
478 991 642 1076 turgentis
666 1011 765 1056 ranae
788 995 940 1076 portenta
962 992 1095 1057 rubetae

403 1094 448 1161 Et
470 1097 556 1162 lecte
579 1101 699 1162 exectis
723 1099 883 1184 anguibus
907 1121 983 1164 ossa
1005 1099 1140 1164 trahunt

358 1200 404 1265 Et
427 1202 539 1288 strigis
563 1204 715 1270 inuentae
738 1227 796 1291 per
818 1206 916 1269 busta
939 1207 1080 1271 iacentia
1102 1207 1231 1291 plumae

211 1383 216 1392 Ι
318 1321 352 1371 30
407 1306 586 1396 Cinctaque
611 1311 740 1378 funesto
763 1313 859 1376 lanea
880 1312 965 1376 uitta
987 1316 1068 1379 toro.

361 1409 395 1478 si
417 1437 483 1480 non
506 1437 591 1482 uana
615 1423 735 1484 canunt
758 1440 831 1482 mea
855 1419 994 1498 somnia,
1019 1418 1198 1506 Lygdame,
1220 1403 1344 1503 testor,

401 1519 511 1587 Poena
534 1525 596 1589 erit
619 1529 695 1590 ante
718 1547 807 1591 meos
831 1546 916 1610 scra,
940 1525 996 1590 sed
1019 1526 1142 1610 ampla,
1165 1526 1275 1612 pedes,

356 1625 465 1693 Putris
490 1631 580 1694 etin
603 1654 707 1697 uacuo
730 1634 857 1696 taxetur
881 1654 1001 1697 aranea
1023 1634 1124 1718 lecto,

401 1733 563 1801 Noctibus
585 1737 716 1804 illorum
739 1738 878 1803 dormiet
900 1738 973 1822 ipsa
997 1739 1128 1804 Venus?

313 1840 446 1917 atQuae
471 1844 533 1908 tibi
557 1846 584 1909 si
607 1846 693 1910 ueris
717 1845 833 1910 animis
857 1848 907 1910 est
930 1849 1045 1929 questa
1067 1846 1190 1930 puella,

401 1947 473 2014 Hac
497 1951 608 2015 eadem
631 1973 756 2035 rursus,
780 1950 959 2035 Lygdame,'
983 1972 1074 2015 curre
1096 1951 1152 2015 uia

357 2052 402 2118 Et
425 2077 498 2122 mea
521 2080 593 2124 eum
617 2058 727 2123 multis
750 2058 893 2122 lacrimis
917 2057 1071 2122 mandata
1093 2059 1238 2142 reporta,

400 2161 501 2250 Iram,
523 2186 590 2230 non
612 2163 743 2230 fraudes
768 2185 838 2229 esse
861 2164 895 2228 in
919 2185 1028 2229 amore
1049 2185 1134 2244 meo.

356 2268 409 2334 Ma
433 2293 560 2357 quoque
585 2269 744 2336 consimili
767 2270 945 2354 inpositum
968 2269 1149 2355 torquerier
1170 2267 1241 2354 igni

228 2447 230 2452 ¹
312 2391 346 2440 40
400 2377 533 2460 Iurabo,
556 2378 607 2442 bis
631 2399 687 2442 sex
709 2377 835 2462 integer
858 2399 930 2442 ecce
954 2375 1031 2442 dies.

357 2481 449 2558 Quod
473 2484 554 2548 mihi
578 2483 605 2547 si
627 2486 720 2548 tanto
743 2482 821 2546 felix
845 2482 1018 2550 eoncordia
1040 2483 1152 2548 bello*

401 2589 573 2675 extiteris,
595 2611 653 2674 per
675 2609 740 2672 me,
763 2587 943 2673 Lygdum,
966 2589 1049 2652 liber
1073 2589 1145 2652 eris.

734 2821 946 2830 *-

268 2980 481 2994 *na-an*-
492 2982 494 2990 ι

337 3052 405 3107 Vsa.
424 3071 499 3106 naor.
536 3057 570 3106 22
594 3049 723 3104 Riualem
742 3047 945 3104 Marklandnsr
973 3049 1128 3117 Aequalem
1147 3052 1166 3100 0
1190 3051 1274 3119 (qnod
1297 3066 1356 3106 non
1376 3053 1420 3108 de·

265 3139 355 3206 fendit
372 3141 412 3194 III
430 3145 455 3209 8,
470 3142 515 3209 21)
534 3139 571 3194 Et
584 3139 697 3208 qualem
711 3142 735 3190 1
751 3135 755 3209 1
771 3137 879 3191 nullam
893 3169 928 3178 —
942 3137 1019 3193 domi
1032 3138 1180 3192 Heinsius:
1198 3139 1278 3192 nulla
1288 3140 1421 3197 -domo

266 3233 284 3282 0
304 3231 392 3300 (nullo
411 3233 457 3299 V);
474 3231 570 3299 puelia
588 3230 689 3283 riualis
706 3233 738 3281 nt
756 3228 896 3294 inferetur
909 3229 1035 3296 postulet
1050 3225 1205 3294 a.25i11a;
1223 3229 1310 3283 naria
1323 3230 1421 3299 nilque

260 3318 437 3386 proficientia
451 3318 583 3372 coniecere
597 3317 699 3386 (Atque
714 3315 799 3370 aliam
813 3316 935 3370 nulla-
946 3315 1030 3370 domo
1044 3316 1215 3384 Hoenfftius)
1229 3318 1238 3386 1
1253 3323 1287 3371 24
1305 3318 1418 3374 exultet

264 3425 399 3482 Heinsius
412 3428 422 3498 1
443 3431 477 3480 et
495 3425 576 3495 impr.
595 3431 617 3477 1)
631 3427 655 3476 V
677 3425 686 3493 11
709 3430 743 3478 26
762 3407 853 3478 rbmbi
867 3427 891 3474 V
901 3438 985 3480 corn:
1004 3422 1125 3476 rumbio
1140 3423 1238 3478 bombi
1250 3429 1275 3476 11
1287 3426 1297 3492 1
1311 3430 1345 3480 21
1360 3429 1418 3480 ter-

264 3515 358 3584 gentis
376 3521 412 3584 V,
432 3531 501 3570 corr.
520 3530 571 3583 neq.
590 3529 625 3566 m.
645 3513 687 3580 21
707 3517 740 3566 28
759 3511 880 3565 lectior
899 3529 932 3565 m.
952 3515 969 3566 1
986 3515 990 3577 1
1007 3511 1112 3566 exactis
1129 3516 1151 3562 r
1169 3511 1297 3579 (exsectis
1315 3530 1350 3568 m.
1370 3515 1418 3599 2)3

265 3605 380 3662 exseris
395 3603 507 3674 ignibus
521 3602 655 3656 Heinsius
674 3617 708 3654 ex
727 3599 795 3654 stris
813 3600 870 3670 ign.
886 3600 1075 3656 Martiandns
1089 3601 1238 3656 exstructis
1251 3601 1308 3672 ign.
1323 3601 1417 3658 Laet-

264 3707 383 3746 mcnnne
397 3692 454 3760 1129
473 3690 561 3760 stygis
580 3697 601 3742 11
621 3688 726 3758 (strigis
743 3693 776 3754 V,
796 3690 842 3744 sed
859 3694 891 3744 nt
904 3687 929 3742 ri
945 3691 1062 3756 foetasse
1075 3705 1109 3744 ecc
1122 3705 1191 3746 corr.
1205 3691 1252 3758 sit)
1269 3695 1274 3760 1
1289 3691 1417 3746 tacentis

176 3783 179 3791 ‘
266 3779 436 3848 Fulcinius,
455 3781 506 3834 otii
525 3781 584 3834 aiio
599 3782 603 3850 1
618 3780 760 3848 plummae
774 3781 829 3831 DV
842 3778 852 3848 l
865 3783 899 3834 30
914 3776 1072 3848 Vinctaque
1086 3777 1222 3833 Heinsius
1238 3782 1242 3847 1
1257 3779 1333 3836 uitta
1345 3787 1370 3834 n
1378 3785 1415 3836 V:

264 3867 381 3922 uictor
400 3868 461 3922 uita
478 3867 600 3938 1111010
620 3867 766 3922 Heinsius:
786 3865 846 3920 uiro
866 3867 956 3934 0131
976 3867 1081 3921 eadunt
1098 3874 1120 3920 1)
1139 3869 1172 3935 (V
1190 3885 1242 3938 my.
1261 3886 1296 3924 m.
1310 3871 1366 3940 2)1
1379 3876 1414 3924 36

263 3957 341 4013 Haec
358 3964 379 4011 n
395 3961 418 4010 V
434 3959 438 4027 1
455 3973 536 4012 cursu
554 3961 576 4007 1)
589 3958 613 4007 V
631 3957 687 4024 (sed
704 3956 749 4010 bic
766 3956 798 4010 in
815 3973 911 4010 rursus
930 3957 1009 4024 corr.)
1026 3955 1031 4026 1
1046 3955 1122 4010 uiam
1141 3961 1165 4008 V
1187 3959 1197 4026 11
1220 3963 1254 4010 39
1274 3957 1416 4014 consimili

263 4052 297 4101 V:
317 4064 380 4114 cum
400 4044 485 4100 simili
502 4051 523 4098 D
539 4050 562 4099 V
580 4044 689 4099 consuli
706 4049 730 4097 IV
753 4047 757 4114 1
784 4043 885 4114 impos.
903 4048 962 4097 DV
982 4046 987 4110 1
1007 4044 1140 4100 torrerier
1160 4045 1316 4102 Palmerins
1342 4047 1354 4116 1
1378 4052 1414 4101 40

263 4135 367 4203 Iurabo
383 4135 427 4190 bis
442 4139 476 4188 οε
494 4135 595 4190 lursbo
609 4136 639 4189 et
654 4133 696 4188 bis
712 4149 729 4192 ς
743 4134 843 4189 Iurabo
859 4133 910 4188 hos
925 4131 968 4186 bis
983 4132 1180 4188 Lachmannns
1195 4134 1200 4200 Ι
1216 4149 1281 4188 ecce
1299 4136 1415 4204 amosi:

264 4228 363 4280 caseo
386 4223 396 4293 1
424 4228 457 4276 41
478 4223 558 4290 Quod
575 4229 596 4276 r
615 4241 649 4280 m.
668 4228 701 4291 2,
720 4227 743 4276 V
761 4239 843 4290 coen,
862 4227 899 4277 Vr
919 4220 1030 4288 Quido
1056 4223 1060 4289 1
1087 4222 1156 4276 mihi
1174 4221 1199 4275 si
1217 4226 1249 4276 οε
1268 4222 1325 4277 nisi
1343 4226 1372 4278 et
1391 4229 1416 4276 V

263 4311 334 4366 mihi
352 4312 375 4366 si
393 4329 408 4366 e
432 4313 510 4368 tanto
535 4310 732 4368 Lachmannns
755 4310 915 4377 Quodsine
940 4312 1022 4366 tento
1040 4309 1076 4364 L.
1098 4311 1263 4378 Muellerum
1292 4313 1416 4382 equiem

260 4417 314 4472 pro
333 4402 412 4454 tento
431 4403 595 4468 reposuerim
614 4401 713 4456 exacto
732 4401 790 4455 coli.
809 4401 836 4454 Il
856 4405 898 4470 14,
917 4407 934 4454 3
