<?xml version="1.0" encoding="UTF-8"?>
<!DOCTYPE html PUBLIC "-//W3C//DTD XHTML 1.0 Transitional//EN"
    "http://www.w3.org/TR/xhtml1/DTD/xhtml1-transitional.dtd">
<html xmlns="http://www.w3.org/1999/xhtml" xml:lang="en" lang="en">
 <head>
  <title>
</title>
<meta http-equiv="Content-Type" content="text/html;charset=utf-8" />
  <meta name='ocr-system' content='tesseract 3.04.00' />
  <meta name='ocr-capabilities' content='ocr_page ocr_carea ocr_par ocr_line ocrx_word'/>
</head>
<body>
  <div class='ocr_page' id='page_1' title='image "./elegiarumlibrii00propgoog_0156.png"; bbox 0 0 3052 5044; ppageno 0'>
   <div class='ocr_carea' id='block_1_1' title="bbox 473 323 869 380">
    <p class='ocr_par' dir='ltr' id='par_1_1' title="bbox 473 323 869 380">
     <span class='ocr_line' id='line_1_1' title="bbox 473 323 869 380; baseline -0.003 -1"><span class='ocrx_word' id='word_1_1' title='bbox 473 323 668 380; x_wconf 81' lang='lat' dir='ltr'>PROPERTII</span> <span class='ocrx_word' id='word_1_2' title='bbox 687 324 754 380; x_wconf 89' lang='lat' dir='ltr'>LIB.</span> <span class='ocrx_word' id='word_1_3' title='bbox 774 325 808 380; x_wconf 92' lang='lat' dir='ltr'><strong>Il.</strong></span> <span class='ocrx_word' id='word_1_4' title='bbox 828 331 869 378; x_wconf 77' lang='lat'><strong>32.</strong></span> 
     </span>
    </p>
   </div>
   <div class='ocr_carea' id='block_1_2' title="bbox 132 471 1177 2488">
    <p class='ocr_par' dir='ltr' id='par_1_2' title="bbox 132 471 1177 2488">
     <span class='ocr_line' id='line_1_2' title="bbox 178 471 1014 573; baseline -0.002 -20"><span class='ocrx_word' id='word_1_5' title='bbox 178 488 236 553; x_wconf 85' lang='lat' dir='ltr'><strong>Sin</strong></span> <span class='ocrx_word' id='word_1_6' title='bbox 260 493 367 553; x_wconf 91' lang='lat' dir='ltr'><strong>autem</strong></span> <span class='ocrx_word' id='word_1_7' title='bbox 390 489 489 573; x_wconf 86' lang='lat' dir='ltr'><strong>longo</strong></span> <span class='ocrx_word' id='word_1_8' title='bbox 513 512 577 555; x_wconf 86' lang='lat' dir='ltr'><strong>nox</strong></span> <span class='ocrx_word' id='word_1_9' title='bbox 602 511 666 552; x_wconf 92' lang='lat' dir='ltr'><strong>una</strong></span> <span class='ocrx_word' id='word_1_10' title='bbox 689 492 746 552; x_wconf 87' lang='lat' dir='ltr'><strong>aut</strong></span> <span class='ocrx_word' id='word_1_11' title='bbox 769 489 872 552; x_wconf 86' lang='lat' dir='ltr'><strong>altera</strong></span> <span class='ocrx_word' id='word_1_12' title='bbox 894 489 972 552; x_wconf 87' lang='lat' dir='ltr'><strong>luxu</strong></span> <span class='ocrx_word' id='word_1_13' title='bbox 1010 471 1014 476; x_wconf 29' lang='lat'><strong>⁴</strong></span> 
     </span>
     <span class='ocr_line' id='line_1_3' title="bbox 132 595 1122 679; baseline -0.004 -18"><span class='ocrx_word' id='word_1_14' title='bbox 132 613 168 660; x_wconf 84' lang='lat'><strong>30</strong></span> <span class='ocrx_word' id='word_1_15' title='bbox 224 595 425 679; x_wconf 80' lang='lat' dir='ltr'><strong>Consumpta</strong></span> <span class='ocrx_word' id='word_1_16' title='bbox 449 598 510 678; x_wconf 87' lang='lat' dir='ltr'><strong>est,</strong></span> <span class='ocrx_word' id='word_1_17' title='bbox 533 617 600 659; x_wconf 90' lang='lat' dir='ltr'><strong>non</strong></span> <span class='ocrx_word' id='word_1_18' title='bbox 623 617 674 660; x_wconf 90' lang='lat' dir='ltr'><strong>me</strong></span> <span class='ocrx_word' id='word_1_19' title='bbox 698 595 834 659; x_wconf 86' lang='lat' dir='ltr'><strong>crimina</strong></span> <span class='ocrx_word' id='word_1_20' title='bbox 856 617 959 678; x_wconf 91' lang='lat' dir='ltr'><strong>parua</strong></span> <span class='ocrx_word' id='word_1_21' title='bbox 981 598 1122 658; x_wconf 88' lang='lat' dir='ltr'><strong>mouent.</strong></span> 
     </span>
     <span class='ocr_line' id='line_1_4' title="bbox 179 701 970 786; baseline 0.001 -21"><span class='ocrx_word' id='word_1_22' title='bbox 179 701 340 785; x_wconf 84' lang='lat' dir='ltr'><strong>Tyndaris</strong></span> <span class='ocrx_word' id='word_1_23' title='bbox 366 707 497 766; x_wconf 87' lang='lat' dir='ltr'><strong>externo</strong></span> <span class='ocrx_word' id='word_1_24' title='bbox 520 703 659 785; x_wconf 86' lang='lat' dir='ltr'><strong>patriam</strong></span> <span class='ocrx_word' id='word_1_25' title='bbox 683 702 824 766; x_wconf 82' lang='lat' dir='ltr'><strong>mutauit</strong></span> <span class='ocrx_word' id='word_1_26' title='bbox 847 725 970 786; x_wconf 89' lang='lat' dir='ltr'><strong>amore,</strong></span> 
     </span>
     <span class='ocr_line' id='line_1_5' title="bbox 223 807 1002 874; baseline 0.001 -3"><span class='ocrx_word' id='word_1_27' title='bbox 223 807 268 871; x_wconf 77' lang='lat' dir='ltr'><strong>Et</strong></span> <span class='ocrx_word' id='word_1_28' title='bbox 291 810 360 873; x_wconf 90' lang='lat' dir='ltr'><strong>sine</strong></span> <span class='ocrx_word' id='word_1_29' title='bbox 384 809 512 873; x_wconf 88' lang='lat' dir='ltr'><strong>decreto</strong></span> <span class='ocrx_word' id='word_1_30' title='bbox 536 809 613 872; x_wconf 90' lang='lat' dir='ltr'><strong>uiua</strong></span> <span class='ocrx_word' id='word_1_31' title='bbox 635 809 767 874; x_wconf 87' lang='lat' dir='ltr'><strong>reducta</strong></span> <span class='ocrx_word' id='word_1_32' title='bbox 791 809 920 874; x_wconf 91' lang='lat' dir='ltr'><strong>domum</strong></span> <span class='ocrx_word' id='word_1_33' title='bbox 945 814 1002 874; x_wconf 87' lang='lat' dir='ltr'><strong>est.</strong></span> 
     </span>
     <span class='ocr_line' id='line_1_6' title="bbox 178 899 1177 999; baseline 0 -20"><span class='ocrx_word' id='word_1_34' title='bbox 178 915 255 998; x_wconf 88' lang='lat' dir='ltr'><strong>Ipsa</strong></span> <span class='ocrx_word' id='word_1_35' title='bbox 279 913 400 998; x_wconf 81' lang='lat' dir='ltr'><strong>Venus,</strong></span> <span class='ocrx_word' id='word_1_36' title='bbox 427 916 575 998; x_wconf 86' lang='lat' dir='ltr'><strong>quamuis</strong></span> <span class='ocrx_word' id='word_1_37' title='bbox 600 919 753 999; x_wconf 86' lang='lat' dir='ltr'><strong>corrupta</strong></span> <span class='ocrx_word' id='word_1_38' title='bbox 776 916 910 980; x_wconf 87' lang='lat' dir='ltr'><strong>libidine</strong></span> <span class='ocrx_word' id='word_1_39' title='bbox 935 916 1066 999; x_wconf 85' lang='lat' dir='ltr'><strong>Martis,</strong></span> <span class='ocrx_word' id='word_1_40' title='bbox 1171 899 1177 913; x_wconf 77' lang='grc'><em>’</em></span> 
     </span>
     <span class='ocr_line' id='line_1_7' title="bbox 225 1020 997 1106; baseline 0.003 -22"><span class='ocrx_word' id='word_1_41' title='bbox 225 1020 292 1085; x_wconf 87' lang='lat' dir='ltr'><strong>Nec</strong></span> <span class='ocrx_word' id='word_1_42' title='bbox 317 1023 421 1086; x_wconf 86' lang='lat' dir='ltr'><strong>minus</strong></span> <span class='ocrx_word' id='word_1_43' title='bbox 444 1023 479 1086; x_wconf 91' lang='lat' dir='ltr'><strong>in</strong></span> <span class='ocrx_word' id='word_1_44' title='bbox 503 1024 591 1087; x_wconf 86' lang='lat' dir='ltr'><strong>caelo</strong></span> <span class='ocrx_word' id='word_1_45' title='bbox 616 1045 741 1106; x_wconf 87' lang='lat' dir='ltr'><strong>semper</strong></span> <span class='ocrx_word' id='word_1_46' title='bbox 763 1023 901 1087; x_wconf 82' lang='lat' dir='ltr'><strong>honesta</strong></span> <span class='ocrx_word' id='word_1_47' title='bbox 924 1023 997 1105; x_wconf 87' lang='lat' dir='ltr'><strong>fuit,</strong></span> 
     </span>
     <span class='ocr_line' id='line_1_8' title="bbox 134 1127 980 1212; baseline 0 -20"><span class='ocrx_word' id='word_1_48' title='bbox 134 1144 169 1192; x_wconf 83' lang='lat'><strong>35</strong></span> <span class='ocrx_word' id='word_1_49' title='bbox 181 1127 335 1203; x_wconf 83' lang='lat' dir='ltr'><strong>Quamuis</strong></span> <span class='ocrx_word' id='word_1_50' title='bbox 358 1127 417 1192; x_wconf 87' lang='lat' dir='ltr'><strong>Ida</strong></span> <span class='ocrx_word' id='word_1_51' title='bbox 441 1151 533 1192; x_wconf 77' lang='lat' dir='ltr'><strong>suum</strong></span> <span class='ocrx_word' id='word_1_52' title='bbox 557 1133 720 1212; x_wconf 76' lang='lat' dir='ltr'><strong>pastorem</strong></span> <span class='ocrx_word' id='word_1_53' title='bbox 745 1129 832 1193; x_wconf 88' lang='lat' dir='ltr'><strong>dicat</strong></span> <span class='ocrx_word' id='word_1_54' title='bbox 855 1151 980 1193; x_wconf 86' lang='lat' dir='ltr'><strong>amasse</strong></span> 
     </span>
     <span class='ocr_line' id='line_1_9' title="bbox 227 1235 944 1318; baseline 0 -20"><span class='ocrx_word' id='word_1_55' title='bbox 227 1235 334 1317; x_wconf 83' lang='lat' dir='ltr'><strong>Atque</strong></span> <span class='ocrx_word' id='word_1_56' title='bbox 358 1236 442 1299; x_wconf 89' lang='lat' dir='ltr'><strong>inter</strong></span> <span class='ocrx_word' id='word_1_57' title='bbox 464 1236 601 1318; x_wconf 89' lang='lat' dir='ltr'><strong>pecudes</strong></span> <span class='ocrx_word' id='word_1_58' title='bbox 626 1236 815 1300; x_wconf 88' lang='lat' dir='ltr'><strong>accubuisse</strong></span> <span class='ocrx_word' id='word_1_59' title='bbox 838 1235 944 1299; x_wconf 90' lang='lat' dir='ltr'><strong>deam:</strong></span> 
     </span>
     <span class='ocr_line' id='line_1_10' title="bbox 180 1338 1068 1425; baseline 0.001 -22"><span class='ocrx_word' id='word_1_60' title='bbox 180 1338 251 1404; x_wconf 87' lang='lat' dir='ltr'><strong>Hoc</strong></span> <span class='ocrx_word' id='word_1_61' title='bbox 274 1345 307 1404; x_wconf 90' lang='lat' dir='ltr'><strong>et</strong></span> <span class='ocrx_word' id='word_1_62' title='bbox 329 1340 595 1425; x_wconf 80' lang='lat' dir='ltr'><strong>Hamadryadum</strong></span> <span class='ocrx_word' id='word_1_63' title='bbox 619 1341 780 1424; x_wconf 86' lang='lat' dir='ltr'><strong>spectauit</strong></span> <span class='ocrx_word' id='word_1_64' title='bbox 801 1341 899 1405; x_wconf 87' lang='lat' dir='ltr'><strong>turba</strong></span> <span class='ocrx_word' id='word_1_65' title='bbox 923 1363 1068 1404; x_wconf 89' lang='lat' dir='ltr'><strong>sororum</strong></span> 
     </span>
     <span class='ocr_line' id='line_1_11' title="bbox 226 1444 897 1532; baseline 0.001 -22"><span class='ocrx_word' id='word_1_66' title='bbox 226 1444 389 1532; x_wconf 85' lang='lat' dir='ltr'>Silenique</span> <span class='ocrx_word' id='word_1_67' title='bbox 414 1469 507 1511; x_wconf 87' lang='lat' dir='ltr'><strong>senes</strong></span> <span class='ocrx_word' id='word_1_68' title='bbox 531 1451 564 1511; x_wconf 92' lang='lat' dir='ltr'><strong>et</strong></span> <span class='ocrx_word' id='word_1_69' title='bbox 587 1451 678 1530; x_wconf 89' lang='lat' dir='ltr'><strong>pater</strong></span> <span class='ocrx_word' id='word_1_70' title='bbox 701 1447 770 1530; x_wconf 90' lang='lat' dir='ltr'><strong>ipse</strong></span> <span class='ocrx_word' id='word_1_71' title='bbox 793 1447 897 1530; x_wconf 84' lang='lat' dir='ltr'><strong>chori,</strong></span> 
     </span>
     <span class='ocr_line' id='line_1_12' title="bbox 182 1550 1052 1638; baseline -0.001 -22"><span class='ocrx_word' id='word_1_72' title='bbox 182 1550 263 1617; x_wconf 80' lang='lat' dir='ltr'><strong>Cum</strong></span> <span class='ocrx_word' id='word_1_73' title='bbox 287 1554 404 1638; x_wconf 87' lang='lat' dir='ltr'><strong>quibus</strong></span> <span class='ocrx_word' id='word_1_74' title='bbox 426 1554 523 1618; x_wconf 90' lang='lat' dir='ltr'><strong>Idaeo</strong></span> <span class='ocrx_word' id='word_1_75' title='bbox 548 1554 629 1637; x_wconf 86' lang='lat' dir='ltr'><strong>legit</strong></span> <span class='ocrx_word' id='word_1_76' title='bbox 652 1553 715 1616; x_wconf 86' lang='lat' dir='ltr'>sibi</span> <span class='ocrx_word' id='word_1_77' title='bbox 738 1575 835 1636; x_wconf 92' lang='lat' dir='ltr'><strong>poma</strong></span> <span class='ocrx_word' id='word_1_78' title='bbox 859 1554 918 1617; x_wconf 89' lang='lat' dir='ltr'><strong>sub</strong></span> <span class='ocrx_word' id='word_1_79' title='bbox 943 1557 1052 1636; x_wconf 87' lang='lat' dir='ltr'><strong>antro,</strong></span> 
     </span>
     <span class='ocr_line' id='line_1_13' title="bbox 135 1658 954 1744; baseline 0.001 -23"><span class='ocrx_word' id='word_1_80' title='bbox 135 1675 172 1723; x_wconf 91' lang='grc' dir='ltr'><strong>4ο</strong></span> <span class='ocrx_word' id='word_1_81' title='bbox 227 1658 402 1744; x_wconf 70' lang='lat' dir='ltr'>Subposita</span> <span class='ocrx_word' id='word_1_82' title='bbox 425 1660 587 1744; x_wconf 83' lang='lat' dir='ltr'><strong>excipiens</strong></span> <span class='ocrx_word' id='word_1_83' title='bbox 601 1658 714 1724; x_wconf 80' lang='lat' dir='ltr'><strong>&#39;Naica</strong></span> <span class='ocrx_word' id='word_1_84' title='bbox 738 1660 824 1724; x_wconf 90' lang='lat' dir='ltr'><strong>dona</strong></span> <span class='ocrx_word' id='word_1_85' title='bbox 847 1682 954 1724; x_wconf 88' lang='lat' dir='ltr'><strong>manu.</strong></span> 
     </span>
     <span class='ocr_line' id='line_1_14' title="bbox 182 1765 1131 1850; baseline 0 -22"><span class='ocrx_word' id='word_1_86' title='bbox 182 1765 235 1830; x_wconf 87' lang='lat' dir='ltr'><strong>An</strong></span> <span class='ocrx_word' id='word_1_87' title='bbox 259 1767 427 1850; x_wconf 86' lang='lat' dir='ltr'><strong>quisquam</strong></span> <span class='ocrx_word' id='word_1_88' title='bbox 450 1767 485 1829; x_wconf 93' lang='lat' dir='ltr'><strong>in</strong></span> <span class='ocrx_word' id='word_1_89' title='bbox 508 1769 601 1830; x_wconf 85' lang='lat' dir='ltr'><strong>tanto</strong></span> <span class='ocrx_word' id='word_1_90' title='bbox 626 1768 812 1848; x_wconf 88' lang='lat' dir='ltr'><strong>stuprorum</strong></span> <span class='ocrx_word' id='word_1_91' title='bbox 836 1765 982 1828; x_wconf 79' lang='lat' dir='ltr'><strong>examine</strong></span> <span class='ocrx_word' id='word_1_92' title='bbox 1006 1766 1131 1847; x_wconf 86' lang='lat' dir='ltr'><strong>quaerit</strong></span> 
     </span>
     <span class='ocr_line' id='line_1_15' title="bbox 225 1870 1121 1956; baseline -0.002 -19"><span class='ocrx_word' id='word_1_93' title='bbox 225 1871 305 1937; x_wconf 76' lang='lat' dir='ltr'><strong>‘Cur</strong></span> <span class='ocrx_word' id='word_1_94' title='bbox 327 1873 407 1937; x_wconf 90' lang='lat' dir='ltr'><strong>haec</strong></span> <span class='ocrx_word' id='word_1_95' title='bbox 429 1877 497 1936; x_wconf 85' lang='lat' dir='ltr'><strong>tam</strong></span> <span class='ocrx_word' id='word_1_96' title='bbox 522 1872 636 1936; x_wconf 88' lang='lat' dir='ltr'><strong>diues?</strong></span> <span class='ocrx_word' id='word_1_97' title='bbox 661 1873 733 1956; x_wconf 87' lang='lat' dir='ltr'><strong>quis</strong></span> <span class='ocrx_word' id='word_1_98' title='bbox 757 1871 866 1935; x_wconf 79' lang='lat' dir='ltr'><strong>dedit?</strong></span> <span class='ocrx_word' id='word_1_99' title='bbox 891 1871 972 1935; x_wconf 89' lang='lat' dir='ltr'><strong>unde</strong></span> <span class='ocrx_word' id='word_1_100' title='bbox 995 1870 1121 1935; x_wconf 87' lang='lat' dir='ltr'><strong>dedit?&#39;</strong></span> 
     </span>
     <span class='ocr_line' id='line_1_16' title="bbox 183 1976 997 2061; baseline -0.002 -19"><span class='ocrx_word' id='word_1_101' title='bbox 183 1977 210 2042; x_wconf 93' lang='grc' dir='ltr'>Ο</span> <span class='ocrx_word' id='word_1_102' title='bbox 233 1977 369 2042; x_wconf 90' lang='lat' dir='ltr'><strong>nimium</strong></span> <span class='ocrx_word' id='word_1_103' title='bbox 392 1983 504 2043; x_wconf 86' lang='lat' dir='ltr'><strong>nostro</strong></span> <span class='ocrx_word' id='word_1_104' title='bbox 528 1977 655 2042; x_wconf 82' lang='lat' dir='ltr'><strong>felicem</strong></span> <span class='ocrx_word' id='word_1_105' title='bbox 678 1981 823 2059; x_wconf 87' lang='lat' dir='ltr'><strong>tempore</strong></span> <span class='ocrx_word' id='word_1_106' title='bbox 846 1976 997 2061; x_wconf 84' lang='lat' dir='ltr'><strong>Romam,</strong></span> 
     </span>
     <span class='ocr_line' id='line_1_17' title="bbox 228 2083 861 2168; baseline -0.003 -20"><span class='ocrx_word' id='word_1_107' title='bbox 228 2083 262 2148; x_wconf 80' lang='lat' dir='ltr'><strong>Si</strong></span> <span class='ocrx_word' id='word_1_108' title='bbox 285 2089 398 2150; x_wconf 87' lang='lat' dir='ltr'><strong>contra</strong></span> <span class='ocrx_word' id='word_1_109' title='bbox 422 2107 527 2150; x_wconf 88' lang='lat' dir='ltr'><strong>mores</strong></span> <span class='ocrx_word' id='word_1_110' title='bbox 550 2107 616 2149; x_wconf 87' lang='lat' dir='ltr'><strong>una</strong></span> <span class='ocrx_word' id='word_1_111' title='bbox 639 2085 747 2168; x_wconf 87' lang='lat' dir='ltr'><strong>puella</strong></span> <span class='ocrx_word' id='word_1_112' title='bbox 769 2083 861 2148; x_wconf 83' lang='lat' dir='ltr'><strong>faciti</strong></span> 
     </span>
     <span class='ocr_line' id='line_1_18' title="bbox 137 2189 1161 2273; baseline 0.001 -20"><span class='ocrx_word' id='word_1_113' title='bbox 137 2205 172 2254; x_wconf 83' lang='lat'><strong>45</strong></span> <span class='ocrx_word' id='word_1_114' title='bbox 183 2190 272 2255; x_wconf 89' lang='lat' dir='ltr'><strong>Haeo</strong></span> <span class='ocrx_word' id='word_1_115' title='bbox 296 2191 407 2255; x_wconf 87' lang='lat' dir='ltr'><strong>eadem</strong></span> <span class='ocrx_word' id='word_1_116' title='bbox 432 2197 505 2256; x_wconf 85' lang='lat' dir='ltr'><strong>ante</strong></span> <span class='ocrx_word' id='word_1_117' title='bbox 529 2192 621 2256; x_wconf 90' lang='lat' dir='ltr'><strong>illam</strong></span> <span class='ocrx_word' id='word_1_118' title='bbox 643 2193 709 2256; x_wconf 86' lang='lat' dir='ltr'><strong>iam</strong></span> <span class='ocrx_word' id='word_1_119' title='bbox 732 2191 852 2273; x_wconf 88' lang='lat' dir='ltr'><strong>inpune</strong></span> <span class='ocrx_word' id='word_1_120' title='bbox 876 2195 908 2254; x_wconf 90' lang='lat' dir='ltr'><strong>et</strong></span> <span class='ocrx_word' id='word_1_121' title='bbox 931 2189 1047 2254; x_wconf 89' lang='lat' dir='ltr'><strong>Lesbia</strong></span> <span class='ocrx_word' id='word_1_122' title='bbox 1070 2190 1161 2254; x_wconf 87' lang='lat' dir='ltr'><strong>fecit:</strong></span> 
     </span>
     <span class='ocr_line' id='line_1_19' title="bbox 228 2289 1101 2383; baseline 0 -23"><span class='ocrx_word' id='word_1_123' title='bbox 228 2296 317 2372; x_wconf 79' lang='lat' dir='ltr'><strong>Quae</strong></span> <span class='ocrx_word' id='word_1_124' title='bbox 342 2299 499 2383; x_wconf 85' lang='lat' dir='ltr'><strong>sequitur,</strong></span> <span class='ocrx_word' id='word_1_125' title='bbox 522 2303 609 2362; x_wconf 90' lang='lat' dir='ltr'><strong>certe</strong></span> <span class='ocrx_word' id='word_1_126' title='bbox 633 2301 682 2362; x_wconf 87' lang='lat' dir='ltr'><strong>est</strong></span> <span class='ocrx_word' id='word_1_127' title='bbox 704 2297 866 2361; x_wconf 88' lang='lat' dir='ltr'><strong>inuidiosa</strong></span> <span class='ocrx_word' id='word_1_128' title='bbox 889 2299 1004 2360; x_wconf 90' lang='lat' dir='ltr'><strong>minus.</strong></span> <span class='ocrx_word' id='word_1_129' title='bbox 1099 2289 1101 2296; x_wconf 68' lang='grc'><strong>’</strong></span> 
     </span>
     <span class='ocr_line' id='line_1_20' title="bbox 184 2401 1038 2488; baseline -0.002 -20"><span class='ocrx_word' id='word_1_130' title='bbox 184 2402 246 2478; x_wconf 78' lang='lat' dir='ltr'><strong>Qui</strong></span> <span class='ocrx_word' id='word_1_131' title='bbox 269 2406 396 2488; x_wconf 88' lang='lat' dir='ltr'><strong>quaerit</strong></span> <span class='ocrx_word' id='word_1_132' title='bbox 418 2403 528 2468; x_wconf 88' lang='lat' dir='ltr'><strong>Latias</strong></span> <span class='ocrx_word' id='word_1_133' title='bbox 552 2409 677 2468; x_wconf 89' lang='lat' dir='ltr'><strong>ueteres</strong></span> <span class='ocrx_word' id='word_1_134' title='bbox 702 2403 862 2488; x_wconf 90' lang='lat' dir='ltr'><strong>durasque</strong></span> <span class='ocrx_word' id='word_1_135' title='bbox 887 2401 1038 2486; x_wconf 80' lang='lat' dir='ltr'><strong>Sabinae,</strong></span> 
     </span>
    </p>
   </div>
   <div class='ocr_carea' id='block_1_3' title="bbox 138 2492 1078 3021">
    <p class='ocr_par' dir='ltr' id='par_1_3' title="bbox 138 2492 1078 3021">
     <span class='ocr_line' id='line_1_21' title="bbox 229 2492 989 2594; baseline -0.003 -20"><span class='ocrx_word' id='word_1_136' title='bbox 229 2510 290 2574; x_wconf 89' lang='lat' dir='ltr'><strong>Hic</strong></span> <span class='ocrx_word' id='word_1_137' title='bbox 313 2512 423 2593; x_wconf 82' lang='lat' dir='ltr'><strong>posuit</strong></span> <span class='ocrx_word' id='word_1_138' title='bbox 446 2515 559 2575; x_wconf 89' lang='lat' dir='ltr'><strong>nostra</strong></span> <span class='ocrx_word' id='word_1_139' title='bbox 582 2531 684 2594; x_wconf 89' lang='lat' dir='ltr'><strong>nuper</strong></span> <span class='ocrx_word' id='word_1_140' title='bbox 706 2512 740 2575; x_wconf 91' lang='lat' dir='ltr'><strong>in</strong></span> <span class='ocrx_word' id='word_1_141' title='bbox 763 2512 842 2574; x_wconf 90' lang='lat' dir='ltr'><strong>urbe</strong></span> <span class='ocrx_word' id='word_1_142' title='bbox 865 2492 989 2593; x_wconf 78' lang='lat' dir='ltr'><strong>pedem.</strong></span> 
     </span>
     <span class='ocr_line' id='line_1_22' title="bbox 185 2615 995 2700; baseline 0.001 -22"><span class='ocrx_word' id='word_1_143' title='bbox 185 2615 233 2680; x_wconf 89' lang='lat' dir='ltr'><strong>Tu</strong></span> <span class='ocrx_word' id='word_1_144' title='bbox 256 2618 346 2700; x_wconf 91' lang='lat' dir='ltr'><strong>prius</strong></span> <span class='ocrx_word' id='word_1_145' title='bbox 370 2621 403 2682; x_wconf 81' lang='lat' dir='ltr'><strong>et</strong></span> <span class='ocrx_word' id='word_1_146' title='bbox 424 2618 540 2682; x_wconf 86' lang='lat' dir='ltr'><strong>fluctus</strong></span> <span class='ocrx_word' id='word_1_147' title='bbox 563 2618 684 2700; x_wconf 88' lang='lat' dir='ltr'><strong>poteris</strong></span> <span class='ocrx_word' id='word_1_148' title='bbox 708 2617 828 2680; x_wconf 86' lang='lat' dir='ltr'><strong>siccare</strong></span> <span class='ocrx_word' id='word_1_149' title='bbox 852 2617 995 2681; x_wconf 88' lang='lat' dir='ltr'><strong>marinos</strong></span> 
     </span>
     <span class='ocr_line' id='line_1_23' title="bbox 138 2724 938 2808; baseline -0.001 -21"><span class='ocrx_word' id='word_1_150' title='bbox 138 2741 173 2789; x_wconf 79' lang='lat'><strong>50</strong></span> <span class='ocrx_word' id='word_1_151' title='bbox 229 2725 370 2808; x_wconf 83' lang='lat' dir='ltr'><strong>Altaque</strong></span> <span class='ocrx_word' id='word_1_152' title='bbox 393 2725 524 2789; x_wconf 80' lang='lat' dir='ltr'><strong>mortali</strong></span> <span class='ocrx_word' id='word_1_153' title='bbox 547 2724 691 2807; x_wconf 89' lang='lat' dir='ltr'><strong>deripere</strong></span> <span class='ocrx_word' id='word_1_154' title='bbox 715 2727 805 2786; x_wconf 87' lang='lat' dir='ltr'><strong>astra</strong></span> <span class='ocrx_word' id='word_1_155' title='bbox 828 2744 938 2806; x_wconf 83' lang='lat' dir='ltr'><strong>manu,</strong></span> 
     </span>
     <span class='ocr_line' id='line_1_24' title="bbox 185 2828 1078 2912; baseline -0.003 -17"><span class='ocrx_word' id='word_1_156' title='bbox 185 2828 289 2905; x_wconf 83' lang='lat' dir='ltr'><strong>Quam</strong></span> <span class='ocrx_word' id='word_1_157' title='bbox 313 2829 417 2894; x_wconf 90' lang='lat' dir='ltr'><strong>facere</strong></span> <span class='ocrx_word' id='word_1_158' title='bbox 441 2835 476 2894; x_wconf 85' lang='lat' dir='ltr'><strong>ut</strong></span> <span class='ocrx_word' id='word_1_159' title='bbox 499 2834 630 2894; x_wconf 86' lang='lat' dir='ltr'><strong>nostrae</strong></span> <span class='ocrx_word' id='word_1_160' title='bbox 653 2829 759 2894; x_wconf 89' lang='lat' dir='ltr'><strong>nolint</strong></span> <span class='ocrx_word' id='word_1_161' title='bbox 782 2850 915 2912; x_wconf 88' lang='lat' dir='ltr'><strong>peccare</strong></span> <span class='ocrx_word' id='word_1_162' title='bbox 939 2830 1078 2912; x_wconf 87' lang='lat' dir='ltr'><strong>puellae:</strong></span> 
     </span>
     <span class='ocr_line' id='line_1_25' title="bbox 229 2935 888 3021; baseline -0.002 -21"><span class='ocrx_word' id='word_1_163' title='bbox 229 2938 260 3000; x_wconf 87' lang='lat' dir='ltr'><strong>Is</strong></span> <span class='ocrx_word' id='word_1_164' title='bbox 284 2960 354 3002; x_wconf 91' lang='lat' dir='ltr'><strong>mos</strong></span> <span class='ocrx_word' id='word_1_165' title='bbox 379 2935 518 3002; x_wconf 85' lang='lat' dir='ltr'><strong>Saturno</strong></span> <span class='ocrx_word' id='word_1_166' title='bbox 542 2957 643 3021; x_wconf 83' lang='lat' dir='ltr'><strong>regna</strong></span> <span class='ocrx_word' id='word_1_167' title='bbox 666 2939 794 3000; x_wconf 87' lang='lat' dir='ltr'><strong>tenente</strong></span> <span class='ocrx_word' id='word_1_168' title='bbox 817 2935 888 3001; x_wconf 85' lang='lat' dir='ltr'><strong>fuit.</strong></span> 
     </span>
    </p>
   </div>
   <div class='ocr_carea' id='block_1_4' title="bbox 90 3183 1244 4500">
    <p class='ocr_par' dir='ltr' id='par_1_4' title="bbox 90 3183 1244 4500">
     <span class='ocr_line' id='line_1_26' title="bbox 169 3183 1241 3253; baseline 0.003 -17"><span class='ocrx_word' id='word_1_169' title='bbox 169 3183 236 3236; x_wconf 72' lang='lat' dir='ltr'><strong>vin.</strong></span> <span class='ocrx_word' id='word_1_170' title='bbox 255 3203 329 3239; x_wconf 80' lang='lat' dir='ltr'><strong>naon.</strong></span> <span class='ocrx_word' id='word_1_171' title='bbox 367 3189 401 3237; x_wconf 75' lang='lat'><strong>29</strong></span> <span class='ocrx_word' id='word_1_172' title='bbox 420 3184 487 3237; x_wconf 87' lang='lat' dir='ltr'><strong>luxu</strong></span> <span class='ocrx_word' id='word_1_173' title='bbox 504 3187 575 3238; x_wconf 81' lang='lat' dir='ltr'><strong>DV:</strong></span> <span class='ocrx_word' id='word_1_174' title='bbox 595 3184 657 3236; x_wconf 88' lang='lat' dir='ltr'><strong>lusu</strong></span> <span class='ocrx_word' id='word_1_175' title='bbox 674 3189 695 3234; x_wconf 71' lang='grc' dir='ltr'><em>Ε</em></span> <span class='ocrx_word' id='word_1_176' title='bbox 709 3187 732 3234; x_wconf 79' lang='lat'><strong>11</strong></span> <span class='ocrx_word' id='word_1_177' title='bbox 750 3184 760 3252; x_wconf 94' lang='grc'>1</span> <span class='ocrx_word' id='word_1_178' title='bbox 779 3188 813 3236; x_wconf 87' lang='grc'>30</span> <span class='ocrx_word' id='word_1_179' title='bbox 833 3183 935 3237; x_wconf 87' lang='lat' dir='ltr'><strong>scrinia</strong></span> <span class='ocrx_word' id='word_1_180' title='bbox 952 3187 976 3235; x_wconf 77' lang='lat' dir='ltr'><strong>n</strong></span> <span class='ocrx_word' id='word_1_181' title='bbox 994 3201 1028 3239; x_wconf 82' lang='lat' dir='ltr'><strong>in.</strong></span> <span class='ocrx_word' id='word_1_182' title='bbox 1048 3190 1063 3237; x_wconf 92' lang='lat'><strong><em>1</em></strong></span> <span class='ocrx_word' id='word_1_183' title='bbox 1078 3185 1139 3253; x_wconf 90' lang='grc'><strong>1131</strong></span> <span class='ocrx_word' id='word_1_184' title='bbox 1161 3185 1241 3240; x_wconf 86' lang='lat' dir='ltr'><strong>Tind.</strong></span> 
     </span>
     <span class='ocr_line' id='line_1_27' title="bbox 90 3272 1242 3341; baseline 0.003 -16"><span class='ocrx_word' id='word_1_185' title='bbox 90 3277 154 3325; x_wconf 69' lang='lat' dir='ltr'><strong>FN</strong></span> <span class='ocrx_word' id='word_1_186' title='bbox 175 3275 180 3340; x_wconf 94' lang='grc'>1</span> <span class='ocrx_word' id='word_1_187' title='bbox 201 3273 322 3327; x_wconf 85' lang='lat' dir='ltr'><strong>mutauit</strong></span> <span class='ocrx_word' id='word_1_188' title='bbox 340 3277 363 3324; x_wconf 73' lang='lat' dir='ltr'><strong>u</strong></span> <span class='ocrx_word' id='word_1_189' title='bbox 384 3273 394 3340; x_wconf 94' lang='grc'><strong>11</strong></span> <span class='ocrx_word' id='word_1_190' title='bbox 416 3278 450 3326; x_wconf 89' lang='grc'><strong>34</strong></span> <span class='ocrx_word' id='word_1_191' title='bbox 470 3273 581 3326; x_wconf 85' lang='lat' dir='ltr'><strong>decreto</strong></span> <span class='ocrx_word' id='word_1_192' title='bbox 600 3273 756 3339; x_wconf 63' lang='lat' dir='ltr'><strong>obscurum</strong></span> <span class='ocrx_word' id='word_1_193' title='bbox 771 3277 841 3341; x_wconf 83' lang='lat' dir='ltr'><strong>puto</strong></span> <span class='ocrx_word' id='word_1_194' title='bbox 859 3272 968 3326; x_wconf 87' lang='lat' dir='ltr'><strong>iactura</strong></span> <span class='ocrx_word' id='word_1_195' title='bbox 986 3272 1131 3339; x_wconf 82' lang='lat' dir='ltr'><strong>(dedecore</strong></span> <span class='ocrx_word' id='word_1_196' title='bbox 1151 3277 1194 3328; x_wconf 88' lang='lat' dir='ltr'><strong>est</strong></span> <span class='ocrx_word' id='word_1_197' title='bbox 1209 3306 1242 3314; x_wconf 88' lang='lat'>-</span> 
     </span>
     <span class='ocr_line' id='line_1_28' title="bbox 91 3346 1243 3432; baseline 0.001 -16"><span class='ocrx_word' id='word_1_198' title='bbox 91 3346 210 3416; x_wconf 87' lang='lat' dir='ltr'><strong>domum</strong></span> <span class='ocrx_word' id='word_1_199' title='bbox 229 3362 389 3430; x_wconf 71' lang='lat' dir='ltr'><strong>Suetonius)</strong></span> <span class='ocrx_word' id='word_1_200' title='bbox 406 3363 410 3430; x_wconf 96' lang='grc'>1</span> <span class='ocrx_word' id='word_1_201' title='bbox 430 3378 487 3414; x_wconf 89' lang='lat' dir='ltr'><strong>una</strong></span> <span class='ocrx_word' id='word_1_202' title='bbox 504 3367 525 3412; x_wconf 72' lang='lat' dir='ltr'>F</span> <span class='ocrx_word' id='word_1_203' title='bbox 544 3367 612 3414; x_wconf 84' lang='lat' dir='ltr'><strong>m.1</strong></span> <span class='ocrx_word' id='word_1_204' title='bbox 640 3364 650 3430; x_wconf 95' lang='grc'><strong>11</strong></span> <span class='ocrx_word' id='word_1_205' title='bbox 677 3367 710 3414; x_wconf 95' lang='grc'><strong>33</strong></span> <span class='ocrx_word' id='word_1_206' title='bbox 731 3361 859 3429; x_wconf 87' lang='lat' dir='ltr'><strong>quamuis</strong></span> <span class='ocrx_word' id='word_1_207' title='bbox 879 3365 912 3414; x_wconf 88' lang='lat'><strong>0:</strong></span> <span class='ocrx_word' id='word_1_208' title='bbox 932 3360 1018 3413; x_wconf 82' lang='lat' dir='ltr'><strong>fertur</strong></span> <span class='ocrx_word' id='word_1_209' title='bbox 1036 3366 1060 3413; x_wconf 68' lang='grc' dir='ltr'><strong>Η</strong></span> <span class='ocrx_word' id='word_1_210' title='bbox 1086 3367 1089 3428; x_wconf 92' lang='grc'>1</span> <span class='ocrx_word' id='word_1_211' title='bbox 1115 3364 1243 3432; x_wconf 87' lang='lat' dir='ltr'><strong>correpta</strong></span> 
     </span>
     <span class='ocr_line' id='line_1_29' title="bbox 91 3448 1242 3520; baseline 0.001 -15"><span class='ocrx_word' id='word_1_212' title='bbox 91 3449 228 3520; x_wconf 90' lang='lat' dir='ltr'><strong>cupidine</strong></span> <span class='ocrx_word' id='word_1_213' title='bbox 246 3451 412 3504; x_wconf 82' lang='lat' dir='ltr'><strong>Fonteinius</strong></span> <span class='ocrx_word' id='word_1_214' title='bbox 435 3452 445 3518; x_wconf 94' lang='grc'><strong>11</strong></span> <span class='ocrx_word' id='word_1_215' title='bbox 467 3455 501 3503; x_wconf 90' lang='grc'><strong>34</strong></span> <span class='ocrx_word' id='word_1_216' title='bbox 520 3449 579 3502; x_wconf 88' lang='lat' dir='ltr'><strong>Neo</strong></span> <span class='ocrx_word' id='word_1_217' title='bbox 598 3454 630 3502; x_wconf 87' lang='lat'><strong>0:</strong></span> <span class='ocrx_word' id='word_1_218' title='bbox 650 3450 712 3504; x_wconf 89' lang='lat' dir='ltr'><strong>Non</strong></span> <span class='ocrx_word' id='word_1_219' title='bbox 732 3465 748 3506; x_wconf 87' lang='grc' dir='ltr'>ς</span> <span class='ocrx_word' id='word_1_220' title='bbox 768 3451 842 3503; x_wconf 89' lang='lat' dir='ltr'><strong>Num</strong></span> <span class='ocrx_word' id='word_1_221' title='bbox 862 3448 1004 3503; x_wconf 79' lang='lat' dir='ltr'><strong>Francius</strong></span> <span class='ocrx_word' id='word_1_222' title='bbox 1017 3452 1026 3519; x_wconf 94' lang='grc'><strong>11</strong></span> <span class='ocrx_word' id='word_1_223' title='bbox 1040 3455 1074 3504; x_wconf 81' lang='grc'>35</span> <span class='ocrx_word' id='word_1_224' title='bbox 1093 3451 1144 3505; x_wconf 89' lang='lat' dir='ltr'><strong>Ida</strong></span> <span class='ocrx_word' id='word_1_225' title='bbox 1162 3471 1242 3506; x_wconf 87' lang='lat' dir='ltr'><strong>suum</strong></span> 
     </span>
     <span class='ocr_line' id='line_1_30' title="bbox 91 3538 1243 3610; baseline -0.001 -14"><span class='ocrx_word' id='word_1_226' title='bbox 91 3541 208 3608; x_wconf 79' lang='lat' dir='ltr'><strong>scripsi:</strong></span> <span class='ocrx_word' id='word_1_227' title='bbox 227 3539 275 3593; x_wconf 90' lang='lat' dir='ltr'><strong>ida</strong></span> <span class='ocrx_word' id='word_1_228' title='bbox 292 3541 383 3609; x_wconf 85' lang='lat' dir='ltr'><strong>parim</strong></span> <span class='ocrx_word' id='word_1_229' title='bbox 402 3543 461 3591; x_wconf 79' lang='lat' dir='ltr'><strong>DV</strong></span> <span class='ocrx_word' id='word_1_230' title='bbox 479 3545 503 3593; x_wconf 85' lang='lat' dir='ltr'><strong>et</strong></span> <span class='ocrx_word' id='word_1_231' title='bbox 521 3540 605 3608; x_wconf 79' lang='lat' dir='ltr'><strong>(pari)</strong></span> <span class='ocrx_word' id='word_1_232' title='bbox 625 3544 648 3591; x_wconf 73' lang='grc'><strong>11</strong></span> <span class='ocrx_word' id='word_1_233' title='bbox 666 3538 805 3608; x_wconf 88' lang='lat' dir='ltr'><strong>idaparim</strong></span> <span class='ocrx_word' id='word_1_234' title='bbox 829 3543 876 3609; x_wconf 81' lang='lat' dir='ltr'><strong>(pa</strong></span> <span class='ocrx_word' id='word_1_235' title='bbox 894 3557 927 3593; x_wconf 83' lang='lat' dir='ltr'><strong>ea</strong></span> <span class='ocrx_word' id='word_1_236' title='bbox 946 3543 1026 3610; x_wconf 82' lang='lat' dir='ltr'><strong>corn)</strong></span> <span class='ocrx_word' id='word_1_237' title='bbox 1045 3546 1065 3592; x_wconf 76' lang='lat' dir='ltr'><strong>r</strong></span> <span class='ocrx_word' id='word_1_238' title='bbox 1088 3541 1139 3595; x_wconf 87' lang='lat' dir='ltr'><strong>lda</strong></span> <span class='ocrx_word' id='word_1_239' title='bbox 1156 3541 1243 3594; x_wconf 90' lang='lat' dir='ltr'><strong>boum</strong></span> 
     </span>
     <span class='ocr_line' id='line_1_31' title="bbox 90 3627 1244 3701; baseline 0.001 -18"><span class='ocrx_word' id='word_1_240' title='bbox 90 3631 168 3701; x_wconf 87' lang='lat' dir='ltr'><strong>past.</strong></span> <span class='ocrx_word' id='word_1_241' title='bbox 195 3627 392 3682; x_wconf 78' lang='lat' dir='ltr'><strong>Valckenarius</strong></span> <span class='ocrx_word' id='word_1_242' title='bbox 411 3629 461 3682; x_wconf 87' lang='lat' dir='ltr'><strong>Ida</strong></span> <span class='ocrx_word' id='word_1_243' title='bbox 477 3627 619 3698; x_wconf 86' lang='lat' dir='ltr'><strong>Phrygem</strong></span> <span class='ocrx_word' id='word_1_244' title='bbox 639 3627 808 3683; x_wconf 76' lang='lat' dir='ltr'><strong>Schradarus</strong></span> <span class='ocrx_word' id='word_1_245' title='bbox 831 3628 880 3682; x_wconf 90' lang='lat' dir='ltr'><strong>Ida</strong></span> <span class='ocrx_word' id='word_1_246' title='bbox 902 3628 997 3696; x_wconf 90' lang='lat' dir='ltr'><strong>palam</strong></span> <span class='ocrx_word' id='word_1_247' title='bbox 1016 3628 1161 3698; x_wconf 79' lang='lat' dir='ltr'><strong>Hauptius</strong></span> <span class='ocrx_word' id='word_1_248' title='bbox 1187 3632 1244 3699; x_wconf 85' lang='lat' dir='ltr'><strong>(sed</strong></span> 
     </span>
     <span class='ocr_line' id='line_1_32' title="bbox 91 3717 1243 3788; baseline 0 -15"><span class='ocrx_word' id='word_1_249' title='bbox 91 3718 232 3773; x_wconf 82' lang='lat' dir='ltr'><strong>notionnn</strong></span> <span class='ocrx_word' id='word_1_250' title='bbox 250 3719 326 3772; x_wconf 88' lang='lat' dir='ltr'><strong>uocis</strong></span> <span class='ocrx_word' id='word_1_251' title='bbox 343 3718 439 3786; x_wconf 90' lang='lat' dir='ltr'><strong>palam</strong></span> <span class='ocrx_word' id='word_1_252' title='bbox 458 3719 616 3785; x_wconf 76' lang='lat' dir='ltr'><strong>exprimunt</strong></span> <span class='ocrx_word' id='word_1_253' title='bbox 633 3735 680 3770; x_wconf 91' lang='lat' dir='ltr'><strong>uu.</strong></span> <span class='ocrx_word' id='word_1_254' title='bbox 700 3723 743 3786; x_wconf 81' lang='grc'>37,</span> <span class='ocrx_word' id='word_1_255' title='bbox 763 3719 807 3786; x_wconf 86' lang='lat'><strong>38)</strong></span> <span class='ocrx_word' id='word_1_256' title='bbox 834 3719 844 3786; x_wconf 94' lang='grc'>1</span> <span class='ocrx_word' id='word_1_257' title='bbox 871 3723 904 3770; x_wconf 82' lang='grc'>37</span> <span class='ocrx_word' id='word_1_258' title='bbox 929 3717 992 3771; x_wconf 90' lang='lat' dir='ltr'><strong>Non</strong></span> <span class='ocrx_word' id='word_1_259' title='bbox 1010 3723 1031 3768; x_wconf 75' lang='lat' dir='ltr'>F</span> <span class='ocrx_word' id='word_1_260' title='bbox 1049 3724 1118 3772; x_wconf 77' lang='lat' dir='ltr'><strong>iul</strong></span> <span class='ocrx_word' id='word_1_261' title='bbox 1143 3722 1147 3788; x_wconf 92' lang='grc'>1</span> <span class='ocrx_word' id='word_1_262' title='bbox 1168 3736 1243 3774; x_wconf 90' lang='lat' dir='ltr'><strong>ama·</strong></span> 
     </span>
     <span class='ocr_line' id='line_1_33' title="bbox 92 3805 1242 3880; baseline 0.002 -19"><span class='ocrx_word' id='word_1_263' title='bbox 92 3806 225 3861; x_wconf 89' lang='lat' dir='ltr'><strong>driadum</strong></span> <span class='ocrx_word' id='word_1_264' title='bbox 244 3814 265 3858; x_wconf 84' lang='lat'><strong>1&gt;</strong></span> <span class='ocrx_word' id='word_1_265' title='bbox 280 3812 303 3858; x_wconf 75' lang='lat' dir='ltr'>N</span> <span class='ocrx_word' id='word_1_266' title='bbox 322 3806 523 3875; x_wconf 86' lang='lat' dir='ltr'><strong>amadryadnm</strong></span> <span class='ocrx_word' id='word_1_267' title='bbox 534 3808 626 3874; x_wconf 67' lang='grc'>7138</span> <span class='ocrx_word' id='word_1_268' title='bbox 642 3806 768 3874; x_wconf 84' lang='lat' dir='ltr'><strong>Sillaniq;</strong></span> <span class='ocrx_word' id='word_1_269' title='bbox 787 3824 820 3861; x_wconf 83' lang='lat' dir='ltr'><strong>ea</strong></span> <span class='ocrx_word' id='word_1_270' title='bbox 835 3805 959 3875; x_wconf 77' lang='lat' dir='ltr'><strong>Saleniq3</strong></span> <span class='ocrx_word' id='word_1_271' title='bbox 979 3812 1082 3880; x_wconf 43' lang='lat' dir='ltr'><strong>corni</strong></span> <span class='ocrx_word' id='word_1_272' title='bbox 1100 3810 1103 3876; x_wconf 94' lang='grc'>1</span> <span class='ocrx_word' id='word_1_273' title='bbox 1120 3825 1198 3862; x_wconf 87' lang='lat' dir='ltr'><strong>senes</strong></span> <span class='ocrx_word' id='word_1_274' title='bbox 1214 3825 1242 3866; x_wconf 77' lang='lat' dir='ltr'><strong>s:</strong></span> 
     </span>
     <span class='ocr_line' id='line_1_34' title="bbox 92 3875 1243 3966; baseline 0 -15"><span class='ocrx_word' id='word_1_275' title='bbox 92 3895 170 3951; x_wconf 87' lang='lat' dir='ltr'><strong>senis</strong></span> <span class='ocrx_word' id='word_1_276' title='bbox 190 3897 233 3963; x_wconf 88' lang='grc'><strong>011</strong></span> <span class='ocrx_word' id='word_1_277' title='bbox 247 3875 293 3948; x_wconf 76' lang='grc' dir='ltr'><strong>341Ι</strong></span> <span class='ocrx_word' id='word_1_278' title='bbox 299 3896 369 3965; x_wconf 86' lang='lat' dir='ltr'><strong>legit</strong></span> <span class='ocrx_word' id='word_1_279' title='bbox 387 3895 441 3949; x_wconf 88' lang='lat' dir='ltr'><strong>sibi</strong></span> <span class='ocrx_word' id='word_1_280' title='bbox 459 3896 569 3964; x_wconf 83' lang='lat' dir='ltr'><strong>scripsi:</strong></span> <span class='ocrx_word' id='word_1_281' title='bbox 589 3894 683 3964; x_wconf 87' lang='lat' dir='ltr'><strong>legisti</strong></span> <span class='ocrx_word' id='word_1_282' title='bbox 702 3900 735 3965; x_wconf 85' lang='lat'><strong>0,</strong></span> <span class='ocrx_word' id='word_1_283' title='bbox 763 3898 835 3964; x_wconf 76' lang='lat' dir='ltr'><strong>quod</strong></span> <span class='ocrx_word' id='word_1_284' title='bbox 852 3903 884 3950; x_wconf 78' lang='lat' dir='ltr'><strong>ut</strong></span> <span class='ocrx_word' id='word_1_285' title='bbox 901 3901 1035 3964; x_wconf 81' lang='lat' dir='ltr'><strong>seruaret,</strong></span> <span class='ocrx_word' id='word_1_286' title='bbox 1054 3915 1081 3950; x_wconf 91' lang='lat' dir='ltr'><strong>u.</strong></span> <span class='ocrx_word' id='word_1_287' title='bbox 1100 3915 1151 3966; x_wconf 77' lang='lat' dir='ltr'><strong>seq.</strong></span> <span class='ocrx_word' id='word_1_288' title='bbox 1172 3897 1243 3951; x_wconf 86' lang='lat' dir='ltr'><strong>exci-</strong></span> 
     </span>
     <span class='ocr_line' id='line_1_35' title="bbox 92 3985 1242 4055; baseline -0.003 -15"><span class='ocrx_word' id='word_1_289' title='bbox 92 3987 189 4054; x_wconf 81' lang='lat' dir='ltr'><strong>piens,</strong></span> <span class='ocrx_word' id='word_1_290' title='bbox 208 3985 276 4054; x_wconf 85' lang='lat' dir='ltr'><strong>Nai,</strong></span> <span class='ocrx_word' id='word_1_291' title='bbox 296 3985 401 4039; x_wconf 88' lang='lat' dir='ltr'><strong>caduca</strong></span> <span class='ocrx_word' id='word_1_292' title='bbox 420 3986 489 4039; x_wconf 83' lang='lat' dir='ltr'><strong>coni.</strong></span> <span class='ocrx_word' id='word_1_293' title='bbox 509 3985 631 4053; x_wconf 80' lang='lat' dir='ltr'><strong>Scaliper</strong></span> <span class='ocrx_word' id='word_1_294' title='bbox 651 3985 740 4054; x_wconf 87' lang='lat' dir='ltr'><strong>(diua,</strong></span> <span class='ocrx_word' id='word_1_295' title='bbox 760 3987 819 4040; x_wconf 87' lang='lat' dir='ltr'><strong>aad.</strong></span> <span class='ocrx_word' id='word_1_296' title='bbox 840 3987 984 4054; x_wconf 81' lang='lat' dir='ltr'><strong>Heinsius)</strong></span> <span class='ocrx_word' id='word_1_297' title='bbox 1012 3987 1022 4055; x_wconf 94' lang='grc'><strong>11</strong></span> <span class='ocrx_word' id='word_1_298' title='bbox 1049 3992 1083 4040; x_wconf 86' lang='grc'><strong>40</strong></span> <span class='ocrx_word' id='word_1_299' title='bbox 1103 3986 1187 4054; x_wconf 81' lang='lat' dir='ltr'><strong>Subp.</strong></span> <span class='ocrx_word' id='word_1_300' title='bbox 1207 3990 1242 4037; x_wconf 75' lang='lat' dir='ltr'><strong>n:</strong></span> 
     </span>
     <span class='ocr_line' id='line_1_36' title="bbox 94 4073 1242 4143; baseline 0.002 -14"><span class='ocrx_word' id='word_1_301' title='bbox 94 4075 223 4143; x_wconf 73' lang='lat' dir='ltr'><strong>Suppo</strong></span> <span class='ocrx_word' id='word_1_302' title='bbox 249 4073 387 4141; x_wconf 71' lang='lat' dir='ltr'><strong>l&#39;Nanica</strong></span> <span class='ocrx_word' id='word_1_303' title='bbox 411 4073 535 4142; x_wconf 80' lang='lat' dir='ltr'><strong>Unperus</strong></span> <span class='ocrx_word' id='word_1_304' title='bbox 561 4076 570 4142; x_wconf 96' lang='grc'><strong>11</strong></span> <span class='ocrx_word' id='word_1_305' title='bbox 598 4080 631 4126; x_wconf 80' lang='grc'><strong>42</strong></span> <span class='ocrx_word' id='word_1_306' title='bbox 651 4076 744 4128; x_wconf 74' lang='lat' dir='ltr'><strong>uzalim</strong></span> <span class='ocrx_word' id='word_1_307' title='bbox 762 4075 836 4128; x_wconf 90' lang='lat' dir='ltr'><strong>unde</strong></span> <span class='ocrx_word' id='word_1_308' title='bbox 855 4076 950 4130; x_wconf 81' lang='lat' dir='ltr'><strong>redit?</strong></span> <span class='ocrx_word' id='word_1_309' title='bbox 974 4077 982 4143; x_wconf 95' lang='grc'><strong>11</strong></span> <span class='ocrx_word' id='word_1_310' title='bbox 1005 4080 1040 4128; x_wconf 82' lang='grc'><strong>45</strong></span> <span class='ocrx_word' id='word_1_311' title='bbox 1059 4075 1115 4128; x_wconf 87' lang='lat' dir='ltr'><strong>iam</strong></span> <span class='ocrx_word' id='word_1_312' title='bbox 1135 4076 1197 4128; x_wconf 80' lang='lat' dir='ltr'><strong>aad.</strong></span> <span class='ocrx_word' id='word_1_313' title='bbox 1218 4089 1242 4142; x_wconf 80' lang='grc' dir='ltr'><strong>ς,</strong></span> 
     </span>
     <span class='ocr_line' id='line_1_37' title="bbox 94 4161 1243 4232; baseline 0 -15"><span class='ocrx_word' id='word_1_314' title='bbox 94 4163 281 4218; x_wconf 81' lang='lat' dir='ltr'><strong>Schraderus:</strong></span> <span class='ocrx_word' id='word_1_315' title='bbox 301 4179 351 4218; x_wconf 85' lang='lat' dir='ltr'><strong>om.</strong></span> <span class='ocrx_word' id='word_1_316' title='bbox 371 4169 389 4216; x_wconf 90' lang='grc' dir='ltr'><strong>ο</strong></span> <span class='ocrx_word' id='word_1_317' title='bbox 406 4165 410 4232; x_wconf 95' lang='grc'>1</span> <span class='ocrx_word' id='word_1_318' title='bbox 426 4161 493 4232; x_wconf 87' lang='lat' dir='ltr'><strong>imp.</strong></span> <span class='ocrx_word' id='word_1_319' title='bbox 512 4170 534 4214; x_wconf 83' lang='lat'><strong>1)</strong></span> <span class='ocrx_word' id='word_1_320' title='bbox 548 4165 641 4230; x_wconf 68' lang='grc'><strong>31147</strong></span> <span class='ocrx_word' id='word_1_321' title='bbox 661 4161 756 4216; x_wconf 87' lang='lat' dir='ltr'><strong>Latias</strong></span> <span class='ocrx_word' id='word_1_322' title='bbox 776 4163 957 4218; x_wconf 79' lang='lat' dir='ltr'><strong>Schraderus:</strong></span> <span class='ocrx_word' id='word_1_323' title='bbox 975 4163 1061 4217; x_wconf 77' lang='lat' dir='ltr'><strong>latios</strong></span> <span class='ocrx_word' id='word_1_324' title='bbox 1078 4171 1100 4215; x_wconf 83' lang='lat'><strong>1)</strong></span> <span class='ocrx_word' id='word_1_325' title='bbox 1114 4167 1137 4215; x_wconf 81' lang='lat' dir='ltr'>V</span> <span class='ocrx_word' id='word_1_326' title='bbox 1154 4163 1243 4217; x_wconf 84' lang='lat' dir='ltr'><strong>tacios</strong></span> 
     </span>
     <span class='ocr_line' id='line_1_38' title="bbox 93 4250 1244 4322; baseline 0.003 -19"><span class='ocrx_word' id='word_1_327' title='bbox 93 4258 115 4303; x_wconf 73' lang='lat'><strong>1⁴¹</strong></span> <span class='ocrx_word' id='word_1_328' title='bbox 135 4250 241 4304; x_wconf 86' lang='lat' dir='ltr'><strong>taeitos</strong></span> <span class='ocrx_word' id='word_1_329' title='bbox 259 4257 283 4304; x_wconf 76' lang='grc' dir='ltr'><strong>Ν</strong></span> <span class='ocrx_word' id='word_1_330' title='bbox 309 4255 314 4321; x_wconf 95' lang='grc'>1</span> <span class='ocrx_word' id='word_1_331' title='bbox 341 4252 479 4320; x_wconf 85' lang='lat' dir='ltr'><strong>durosque</strong></span> <span class='ocrx_word' id='word_1_332' title='bbox 499 4251 616 4306; x_wconf 86' lang='lat' dir='ltr'><strong>Sabinos</strong></span> <span class='ocrx_word' id='word_1_333' title='bbox 636 4257 667 4320; x_wconf 86' lang='lat'><strong>⁰,</strong></span> <span class='ocrx_word' id='word_1_334' title='bbox 688 4269 755 4307; x_wconf 84' lang='lat' dir='ltr'><strong>corr.</strong></span> <span class='ocrx_word' id='word_1_335' title='bbox 775 4253 909 4307; x_wconf 85' lang='lat' dir='ltr'><strong>Heinsius</strong></span> <span class='ocrx_word' id='word_1_336' title='bbox 935 4255 945 4322; x_wconf 93' lang='grc'>1</span> <span class='ocrx_word' id='word_1_337' title='bbox 973 4258 1006 4306; x_wconf 82' lang='lat'><strong>50</strong></span> <span class='ocrx_word' id='word_1_338' title='bbox 1025 4252 1152 4320; x_wconf 85' lang='lat' dir='ltr'><strong>deripere</strong></span> <span class='ocrx_word' id='word_1_339' title='bbox 1169 4253 1244 4307; x_wconf 83' lang='lat' dir='ltr'><strong>Bur·</strong></span> 
     </span>
     <span class='ocr_line' id='line_1_39' title="bbox 94 4339 1244 4410; baseline -0.002 -14"><span class='ocrx_word' id='word_1_340' title='bbox 94 4356 230 4396; x_wconf 84' lang='lat' dir='ltr'><strong>mannus:</strong></span> <span class='ocrx_word' id='word_1_341' title='bbox 250 4341 373 4410; x_wconf 83' lang='lat' dir='ltr'><strong>deligere</strong></span> <span class='ocrx_word' id='word_1_342' title='bbox 393 4344 412 4391; x_wconf 90' lang='grc'><strong>0</strong></span> <span class='ocrx_word' id='word_1_343' title='bbox 435 4341 445 4407; x_wconf 96' lang='grc'><strong>11</strong></span> <span class='ocrx_word' id='word_1_344' title='bbox 468 4345 500 4392; x_wconf 80' lang='grc'><strong>61</strong></span> <span class='ocrx_word' id='word_1_345' title='bbox 521 4339 650 4393; x_wconf 78' lang='lat' dir='ltr'><strong>uolintD</strong></span> <span class='ocrx_word' id='word_1_346' title='bbox 670 4341 760 4395; x_wconf 85' lang='lat' dir='ltr'><strong>noluit</strong></span> <span class='ocrx_word' id='word_1_347' title='bbox 777 4347 801 4394; x_wconf 78' lang='lat' dir='ltr'><strong>li</strong></span> <span class='ocrx_word' id='word_1_348' title='bbox 828 4343 837 4410; x_wconf 97' lang='grc'><strong>11</strong></span> <span class='ocrx_word' id='word_1_349' title='bbox 865 4347 898 4396; x_wconf 73' lang='lat'><strong>52</strong></span> <span class='ocrx_word' id='word_1_350' title='bbox 917 4343 944 4396; x_wconf 87' lang='lat' dir='ltr'><strong>Is</strong></span> <span class='ocrx_word' id='word_1_351' title='bbox 962 4347 1021 4394; x_wconf 85' lang='lat' dir='ltr'><strong>DV:</strong></span> <span class='ocrx_word' id='word_1_352' title='bbox 1040 4340 1093 4393; x_wconf 88' lang='lat' dir='ltr'><strong>Hls</strong></span> <span class='ocrx_word' id='word_1_353' title='bbox 1111 4347 1132 4392; x_wconf 73' lang='lat' dir='ltr'>F</span> <span class='ocrx_word' id='word_1_354' title='bbox 1151 4341 1244 4394; x_wconf 81' lang='lat' dir='ltr'><strong>HioV</strong></span> 
     </span>
     <span class='ocr_line' id='line_1_40' title="bbox 94 4433 327 4500; baseline -0.017 -15"><span class='ocrx_word' id='word_1_355' title='bbox 94 4447 150 4500; x_wconf 77' lang='lat' dir='ltr'><strong>usp.</strong></span> <span class='ocrx_word' id='word_1_356' title='bbox 169 4443 203 4483; x_wconf 84' lang='lat' dir='ltr'><strong>m.</strong></span> <span class='ocrx_word' id='word_1_357' title='bbox 223 4433 242 4483; x_wconf 80' lang='lat'><em>2</em></span> <span class='ocrx_word' id='word_1_358' title='bbox 262 4434 286 4482; x_wconf 79' lang='lat' dir='ltr'><strong>ei</strong></span> <span class='ocrx_word' id='word_1_359' title='bbox 304 4434 327 4481; x_wconf 74' lang='lat' dir='ltr'><strong>n</strong></span> 
     </span>
    </p>
   </div>
   <div class='ocr_carea' id='block_1_5' title="bbox 0 0 1545 5044">
    <p class='ocr_par' dir='ltr' id='par_1_5' title="bbox 0 0 1545 5044">
     <span class='ocr_line' id='line_1_41' title="bbox 0 0 1545 5044; baseline 0 0"><span class='ocrx_word' id='word_1_360' title='bbox 0 0 1545 5044; x_wconf 95' lang='lat' dir='ltr'><strong> </strong></span> 
     </span>
    </p>
   </div>
  </div>
 </body>
</html>
