3052 5044
470 309 665 366 PROPERTII
684 309 752 364 1213.
772 309 805 365 11.
827 315 849 363 1.

173 473 238 541 Seu
261 475 327 540 iam
350 476 696 558 poscentes·scmnum
720 471 861 538 declinat
883 474 1018 554 ocellos,

218 579 355 646 Inuenio
379 601 492 645 causas
516 579 604 644 mille
627 581 726 662 poeta
747 601 866 664 nouas3

172 685 235 752 Seu
257 687 345 752 nuda
368 689 479 771 erepto
503 707 629 751 mecum
652 687 793 751 luctatur
817 686 950 772 amictu,

219 793 309 858 Tunc
331 815 408 859 uero
432 794 550 878 longas
573 792 739 858 condimus
762 792 896 860 Iliadas:

127 900 235 966 lasau
259 901 408 986 quicquid
432 900 510 966 fecit
533 900 601 964 siue
625 903 675 964 est
697 900 919 986 quodcumque
942 902 1065 979 locuta,

216 1007 360 1073 Maxima
382 1009 421 1073 de
445 1007 549 1073 nihilo
572 1007 717 1072 nascitur
739 1007 887 1074 historia.

173 1114 265 1191 Quod
289 1114 370 1179 mihi
394 1115 421 1179 si
444 1118 587 1198 tantum,
610 1114 794 1198 Maecenas,
817 1115 887 1180 fata
910 1113 1090 1198 dedissent,

216 1221 263 1286 Ut
285 1243 415 1306 possem
439 1221 555 1286 heroas
579 1221 693 1286 ducere
716 1222 751 1285 in
774 1244 865 1286 arma
889 1243 1017 1305 manus,

172 1329 247 1394 Non
271 1350 332 1414 ego
356 1329 490 1393 Titanas
514 1349 676 1411 canerem,
698 1350 763 1393 non
788 1327 895 1393 Ossan
917 1328 1057 1412 Olympo

125 1452 161 1500 20
217 1435 426 1520 Impositum,
448 1438 486 1500 ut
508 1436 589 1502 caeli
613 1435 727 1500 Pelion
751 1436 936 1519 mastiter,

169 1542 246 1608 Non
270 1547 395 1608 ueteres
418 1542 561 1624 Thebas,
584 1564 644 1606 nec
668 1543 828 1627 Pergama
850 1565 970 1608 nomen
993 1533 1141 1622 Homeri,

129 1649 134 1658 ’
214 1649 330 1714 Xerxis
354 1653 387 1714 et
411 1648 547 1733 imperio
571 1649 649 1714 bina
672 1649 775 1714 coisse
797 1649 897 1732 uada,

170 1757 325 1840 Regnaue
348 1757 454 1840 prima
477 1755 585 1839 Remi,
608 1759 664 1820 aut
688 1755 815 1821 animos
839 1755 1048 1841 Carthaginis
1072 1757 1171 1835 altae,

215 1862 482 1946 Cimbrorumque
505 1862 611 1926 minas
635 1865 667 1926 et
689 1863 859 1928 benefacta
881 1863 979 1928 Mari:

124 1987 159 2034 25
171 1970 327 2054 Bellaque
350 1991 465 2054 resque
488 1970 537 2033 tui
561 1991 774 2034 memorarem
798 1959 956 2054 Gesseris,
983 1974 1016 2036 et
1038 1974 1074 2034 tu
1098 2003 1102 2012 ·

215 2074 353 2140 Caesare
377 2076 437 2140 sub
461 2095 580 2160 magno
604 2097 680 2139 cura
704 2076 845 2141 secunda
868 2077 964 2141 fores.

169 2181 255 2246 Nam
279 2183 429 2268 quotiens
452 2183 611 2248 Mutinam
636 2186 692 2246 aut
715 2183 824 2247 ciuilia
847 2183 944 2247 busta
967 2183 1134 2266 Philippos

215 2290 282 2354 Aut
305 2311 453 2355 canerem
478 2289 604 2355 Siculae
628 2289 763 2354 classica
786 2289 872 2354 bella
894 2289 992 2374 fugae

169 2397 376 2479 Euersosque
400 2396 491 2462 focos
515 2397 666 2481 antiquae
690 2397 797 2482 gentis
820 2395 993 2481 Etruscae,

123 2521 158 2569 30
214 2503 282 2568 Aut
304 2503 486 2568 Ptolomaei
508 2503 606 2568 litora
629 2506 725 2585 capta
747 2502 846 2567 Phari

169 2610 213 2676 Et
236 2631 384 2674 canerem
408 2571 548 2693 Coyhum
572 2612 604 2673 et
626 2609 752 2693 Nilum,
776 2632 849 2673 cum
873 2612 998 2674 atratus
1022 2611 1056 2674 in
1079 2609 1191 2674 urbem

213 2715 344 2800 Septem
369 2715 507 2799 captiuis
531 2715 646 2781 debilis
669 2716 740 2781 ibat
767 2717 872 2800 aquis,

167 2824 235 2888 Aut
257 2845 369 2909 regum
393 2823 517 2888 auratis
541 2822 738 2888 ciccumdata
761 2824 844 2889 colla
867 2824 1003 2907 catenis,

150 3055 217 3109 Vra.
232 3074 307 3108 unca
343 3061 374 3108 11
389 3053 448 3109 iam
457 3069 516 3123 epo:
527 3071 590 3107 cum
601 3058 620 3105 0
631 3056 841 3122 composcentes
851 3055 895 3123 (=
906 3053 989 3108 ualde
1001 3070 1067 3121 posc
1077 3055 1087 3122 )
1098 3054 1226 3120 csempls's
1259 3056 1261 3062 '

78 3149 151 3198 caret
164 3145 166 3214 1
179 3161 327 3213 sompnum
342 3148 409 3207 Aru
430 3159 543 3197 somnus
558 3157 575 3201 s
588 3144 598 3212 11
614 3150 646 3196 14
660 3143 739 3196 Tunc
754 3148 820 3196 AF:
836 3143 908 3196 Tum
918 3144 998 3197 ceteri
1013 3145 1017 3210 1
1033 3143 1142 3212 yliadas
1156 3142 1227 3212 11111

80 3239 113 3286 15
132 3232 286 3302 quiquidA
312 3235 322 3302 1
350 3239 382 3286 16
402 3230 530 3301 hystoria
548 3236 609 3283 All
635 3233 645 3300 1
669 3238 700 3286 11
721 3237 890 3286 mecenasll
913 3233 923 3302 11
948 3237 980 3286 19
998 3232 1112 3300 tytauas
1131 3234 1154 3282 A
1172 3229 1227 3284 thi-

78 3325 160 3376 tanas
178 3326 199 3373 11
220 3323 224 3390 1
247 3321 347 3392 Ossan]
366 3323 448 3390 tytan
467 3326 489 3374 A
507 3320 601 3374 thilan
619 3326 639 3372 11
660 3323 739 3390 (corr.
759 3337 812 3390 rap.
829 3338 863 3376 m.
883 3324 914 3390 2)
935 3325 940 3388 1
961 3321 1066 3388 olimpo
1085 3323 1141 3371 Ar
1160 3321 1170 3387 11
1192 3325 1227 3372 20

78 3405 243 3479 Impositum
261 3418 283 3464 D
296 3415 333 3463 V:
356 3410 520 3479 Impositum
539 3414 562 3461 A
575 3414 596 3461 r
610 3414 634 3461 11
656 3411 666 3478 11
689 3416 720 3463 21
748 3409 807 3464 Nec
825 3416 846 3463 1)
860 3414 883 3460 V
902 3415 927 3464 et
944 3414 968 3461 11
988 3411 993 3478 1
1013 3407 1100 3478 perga
1114 3412 1138 3459 11
1160 3409 1170 3477 1
1192 3413 1226 3461 22

79 3497 174 3552 Xersis
193 3503 249 3551 Ar
264 3503 288 3550 11
307 3497 426 3553 Xerxiuc
445 3497 541 3566 (Xerxi
558 3500 617 3567 aut)
636 3496 754 3567 imperio
773 3498 968 3552 Lachmanaas
984 3502 988 3564 1
1010 3513 1108 3565 coysso
1125 3503 1147 3548 F
1164 3499 1174 3565 11
1192 3503 1226 3551 23

80 3589 184 3657 cartag.
200 3592 252 3640 Ar
270 3587 452 3656 karthagini-D
466 3590 476 3656 1
490 3593 524 3641 24
544 3587 740 3655 Cymborumq;
759 3591 782 3639 A
797 3586 984 3654 Oimbornmq3
1002 3590 1023 3637 1
1039 3587 1082 3655 (ta
1095 3586 1144 3639 hoc
1157 3601 1225 3640 corr.

79 3694 112 3731 m.
134 3678 177 3745 2),
198 3675 406 3730 Cimbrorumne
425 3675 623 3730 Lachmannas
644 3676 646 3747 1
663 3675 764 3741 iminas
783 3681 806 3729 A
823 3677 880 3746 121
908 3674 1041 3745 quociens
1059 3677 1153 3744 1130
1171 3676 1229 3729 Ant

79 3764 248 3820 Schraderas
273 3764 318 3832 (cf.
338 3781 365 3818 a.
386 3769 443 3830 31):
467 3765 541 3818 sto
576 3765 580 3831 1
610 3763 782 3820 tholomenei
800 3771 857 3818 Ar
882 3763 1052 3834 ptolomenei
1069 3770 1094 3816 11
1117 3763 1226 3833 ptholo-

79 3855 206 3910 meneiv
224 3853 404 3924 ptholomeas
417 3861 440 3907 1)
458 3853 654 3909 Ptolemaeeao
672 3856 755 3923 culpo
771 3857 812 3922 (ct
826 3856 859 3922 cf.
875 3855 1092 3925 mastacius),
1110 3856 1227 3921 formam

38 3979 40 3984 '
79 3981 196 4035 Ptolom.
221 3979 333 4034 reducit
355 3979 390 4033 L.
415 3979 568 4034 Muellerus
597 3978 601 4050 1
630 3977 685 4032 fari
702 3984 723 4030 F
742 3945 806 4048 piari
822 3984 846 4031 A
873 3981 882 4048 11
914 3986 947 4033 31
982 3979 1018 4033 Et
1043 3979 1225 4034 Schraderas:

53 4112 57 4122 .
79 4070 135 4124 Aut
154 4073 173 4120 0
190 4067 193 4137 1
209 4085 321 4122 canerm
339 4071 380 4136 11
397 4068 516 4137 Ooptum
540 4069 651 4136 scripsi:
675 4070 790 4137 cyptum
809 4073 869 4121 An
893 4068 1000 4138 ciptum
1024 4069 1050 4137 (c
1068 4069 1100 4122 ia
1117 4085 1137 4137 g
1155 4083 1224 4121 corr.

79 4177 112 4213 m.
131 4162 200 4225 2111
224 4174 340 4227 cyprum
358 4163 381 4209 1)
394 4160 418 4207 1
436 4157 596 4226 Aegyptum
619 4158 703 4226 ualpo
718 4173 822 4226 praue,
842 4175 940 4212 canere
963 4155 1116 4226 inciperem
1134 4155 1224 4210 Lact-

80 4263 197 4302 mannuc
226 4245 231 4316 1
260 4245 335 4315 cum]
356 4245 371 4301 e
390 4250 411 4297 r
429 4263 464 4300 m.
483 4251 499 4298 1
520 4249 548 4314 (c
561 4271 595 4291 =
611 4262 679 4320 cnm·
692 4248 725 4315 A)
760 4249 764 4312 1
798 4248 905 4301 atratus
923 4246 1023 4314 scripsi
1041 4247 1136 4313 (Mica
1157 4243 1224 4300 orit.

78 4353 106 4405 p.
126 4339 183 4400 83):
203 4336 340 4387 attractus
359 4338 382 4386 A
396 4338 419 4386 11
438 4334 593 4389 atractatus
611 4340 632 4387 F
651 4337 757 4389 tractus
776 4343 797 4388 1>
812 4339 835 4387 V
853 4337 863 4404 1
881 4342 915 4390 33
934 4337 1016 4390 aurat
1032 4340 1069 4403 A,
1087 4339 1108 4386 r
1126 4351 1160 4388 m.
1180 4339 1195 4388 1
1218 4333 1222 4405 1

80 4423 205 4480 cathenis
224 4427 246 4475 A
260 4429 281 4474 1>
