3052 5044
472 365 669 422 PROPnnrn
688 363 754 420 LlB.
774 363 821 420 111.
842 371 865 418 0.

639 689 700 765 VI.

184 870 245 935 Dic
269 867 349 934 mihi
371 868 410 933 de
434 871 563 950 nostra,
585 886 666 951 quae
690 864 805 948 sentis,
827 885 906 930 uera
929 864 1048 947 puella:

232 973 285 1041 Sic
308 975 369 1038 tibi
393 975 460 1039 sint
483 973 645 1055 dominae,
668 970 846 1056 Lygdame,
870 971 1003 1054 dempta
1026 970 1112 1055 iuga.

186 1081 274 1148 Num
299 1103 350 1146 me
373 1081 498 1146 laetitia
520 1077 736 1145 tumefactum
758 1076 848 1141 fallis
871 1077 975 1162 inani,

231 1189 321 1253 Haec
344 1187 499 1272 referem,
523 1209 604 1272 quae
628 1207 678 1250 me
703 1185 831 1251 credere
854 1185 938 1249 uelle
961 1184 1082 1268 putas?

159 1296 302 1362 50mnis
327 1295 414 1361 enirn
438 1294 535 1360 debet
559 1294 628 1358 siue
651 1313 736 1358 uano
759 1291 894 1357 nuntius
918 1312 1002 1374 esse,

231 1402 453 1488 Maioremque
476 1401 594 1466 timens
619 1421 730 1464 seruus
753 1398 874 1462 habere
897 1397 1001 1462 fidem.

188 1509 284 1576 Nunc
307 1508 401 1592 mihi,
425 1509 453 1573 si
477 1531 541 1592 qua
564 1507 669 1586 tenes,
693 1506 734 1571 ab
759 1505 883 1589 origine
908 1504 1012 1570 dicere
1036 1503 1141 1588 prima

232 1617 356 1701 Incipe:
380 1615 545 1701 suspensis
569 1615 701 1679 auribus
724 1613 789 1678 ista
813 1612 932 1677 bibam.

160 1789 167 1806 ,
191 1722 280 1790 Siein
302 1745 374 1788 eam
395 1722 568 1806 incomptis
592 1719 702 1785 uidisti
726 1719 802 1783 llere
825 1715 975 1804 capillis?

143 1849 180 1897 10
233 1831 328 1895 Illius
352 1852 390 1895 ex
413 1830 515 1895 oculis
538 1828 642 1893 multa
665 1825 803 1891 cadebat
827 1825 933 1910 aqua?

144 1938 258 2004 11Nec
281 1937 445 2022 speculum
470 1940 572 2022 strato
596 1934 721 2018 uidisti,
744 1933 924 2018 Lygdamus,
947 1932 1053 1998 lecto?

145 2063 180 2112 14
235 2044 423 2128 Scriniaque
447 2042 586 2108 adlecti
610 2041 722 2107 clausa
745 2040 850 2104 iacere
873 2037 991 2122 pedes?

144 2155 239 2219 13Ac
261 2155 420 2217 maestam
439 2149 560 2215 teneris
583 2151 708 2214 uestem
731 2146 872 2232 pendere
895 2143 1048 2211 lacertis?

144 2277 179 2324 10
234 2259 380 2325 Ornabat
402 2259 519 2323 niueas
539 2255 672 2321 nullane
695 2276 825 2340 gemma
846 2250 984 2318 manus?

144 2384 179 2432 15
189 2367 306 2430 Tristis
330 2369 400 2431 erat
423 2366 551 2448 domus,
574 2367 607 2428 et
629 2364 739 2428 tristes
764 2382 946 2446 suspensa
970 2358 1138 2425 ministrae

236 2473 434 2558 Carpebant,
458 2471 563 2537 medio
586 2471 687 2535 nebat
710 2473 743 2534 et
765 2469 836 2554 ipsa
858 2469 945 2553 loco,

190 2581 394 2664 Humidaque
419 2581 567 2664 inpressa
591 2578 733 2643 siccabat
755 2577 878 2641 lumina
901 2576 992 2660 lana,

234 2688 376 2752 Rettulit
398 2691 431 2752 et
453 2686 586 2772 querulo
609 2685 716 2770 iurgia
738 2687 852 2750 nostra
876 2681 978 2748 sono?

190 2794 291 2859 ‘Haec
315 2798 347 2859 te
370 2797 454 2859 teste
478 2793 559 2856 mihi
581 2794 742 2877 promissa
766 2795 830 2876 est,
853 2790 1032 2876 Lygdame,
1056 2789 1200 2857 merces?

143 2918 180 2966 οο
233 2901 296 2966 Est
318 2922 442 2984 poenae
466 2921 561 2964 seruo
585 2921 735 2985 rumpere
757 2902 841 2963 teste
864 2898 970 2964 fidem.

189 3006 249 3072 Ille
272 3010 382 3091 potest
405 3007 495 3072 nullo
520 3005 671 3070 miseram
694 3028 745 3071 me
768 3004 914 3090 linquere
937 3002 1048 3070 factu?

96 3205 315 3213 —————·—--

172 3325 242 3379 Van.
262 3343 336 3378 nucu.
386 3323 433 3380 VI.
471 3323 556 3377 Noua
578 3321 664 3391 etepia
686 3337 746 3376 eum
769 3319 852 3376 titulo
871 3320 907 3375 ad
925 3319 1081 3390 ligdamum
1098 3323 1131 3377 in
1150 3328 1168 3375 0
1196 3325 1206 3393 1
1235 3333 1247 3378 1

96 3413 246 3484 quaerenti
265 3429 333 3468 uera
350 3411 510 3480 Rammius
528 3417 553 3466 et
577 3411 800 3480 Wusseuberyius
827 3411 838 3480 l
866 3416 881 3464 0
901 3409 947 3464 Sic
963 3415 985 3462 r
999 3415 1035 3466 Νι
1056 3410 1084 3465 si
1103 3416 1161 3466 DV
1177 3413 1181 3481 1
1197 3413 1250 3482 lig·

96 3504 184 3556 dame
202 3503 302 3572 ubique
321 3506 339 3553 0
360 3499 470 3570 lydame
488 3501 546 3568 bic,
564 3499 715 3570 lygadame
734 3500 827 3554 0010000
846 3500 912 3554 locis
929 3504 954 3551 R
972 3502 1016 3569 (19
1030 3499 1128 3570 ligad.)
1144 3502 1149 3570 1
1165 3500 1251 3571 dcpta

95 3595 123 3644 10
151 3593 161 3662 11
189 3597 204 3644 3
224 3589 299 3643 Num
319 3605 347 3648 s:
368 3591 441 3644 Dum
461 3594 479 3641 0
499 3589 562 3644 Non
580 3594 604 3641 Ι
627 3592 637 3659 11
660 3594 677 3643 5
698 3588 757 3643 sine
776 3606 849 3644 nano
868 3588 983 3644 nuntius
1003 3589 1142 3659 (nuncius,
1161 3591 1250 3660 sacius)

97 3695 163 3734 esse
182 3684 252 3747 M
271 3696 304 3733 m.
324 3684 357 3747 2,
381 3682 473 3748 Vmp.
492 3695 527 3733 m.
546 3684 579 3747 2,
602 3683 639 3734 R:
668 3679 727 3733 sine
755 3694 844 3732 uanus
873 3693 931 3733 esse
954 3683 975 3730 r
1003 3678 1062 3733 sina
1085 3678 1166 3733 uanis
1189 3695 1251 3734 esse

95 3768 207 3823 relator
224 3771 248 3818 V
267 3769 341 3834 (010
361 3783 412 3836 rap.
428 3783 483 3836 pro
501 3784 563 3823 aar.
582 3769 651 3838 lect.)
664 3769 703 3837 10
722 3767 823 3822 timens
843 3771 873 3822 0:
900 3769 978 3822 matu
997 3768 1088 3837 Italil
1105 3783 1181 3822 serus
1200 3773 1224 3820 R
1242 3768 1251 3841 11

98 3864 116 3912 7
136 3855 202 3912 Non
220 3861 244 3909 11
270 3858 280 3926 1
307 3863 323 3910 9
352 3855 428 3911 Sicin
452 3873 515 3911 eam
533 3873 580 3926 090
600 3856 719 3926 (Siccine
739 3873 801 3911 eam
819 3857 927 3926 aalyc):
953 3855 1031 3910 Sicut
1049 3873 1111 3912 eam
1131 3862 1149 3909 0
1170 3857 1200 3912 si
1219 3859 1252 3912 ci

99 3948 147 4014 (=
164 3947 256 4014 causa)
275 3949 300 3997 11
326 3948 336 4014 1
365 3951 396 3998 11
416 3944 475 4000 Nec
493 3950 564 4000 rll:
583 3945 660 4001 Haec
679 3950 738 3999 DV
754 3947 758 4014 1
774 3946 802 3999 in
822 3946 911 4001 strato
931 3945 1065 4000 Heinsius
1087 3949 1096 4016 11
1124 3963 1184 4014 000,
1203 3949 1252 4016 qui

98 4038 167 4089 suat
184 4035 217 4088 in
234 4038 254 4087 0
275 4039 307 4087 10
327 4039 351 4088 et
371 4039 417 4101 14,
442 4035 529 4088 locum
547 4035 619 4089 inter
636 4052 664 4090 se
681 4039 787 4089 matare
805 4035 887 4089 iussit
906 4034 938 4089 G.
961 4034 992 4089 T.
1012 4034 1153 4104 Suriuuur
1180 4037 1190 4102 11
1218 4041 1250 4089 10

97 4122 180 4177 nulla
196 4139 232 4178 ne
246 4129 268 4175 1)
282 4128 318 4178 R:
337 4123 416 4177 nulla
433 4140 468 4177 ue
482 4125 548 4191 U
567 4126 636 4178 m.2
655 4123 757 4190 (nullas
775 4124 872 4178 niueas
890 4137 926 4176 us
944 4139 978 4177 m.
994 4124 1021 4191 1)
1035 4123 1045 4191 l
1060 4129 1092 4176 13
1107 4122 1147 4177 Ac
1161 4127 1195 4176 0:
1214 4123 1252 4178 At

100 4228 119 4271 ς
138 4213 182 4266 An
200 4212 299 4266 Doasa
316 4213 354 4278 fil.
372 4213 540 4281 {maestam}
560 4215 677 4268 mestem
695 4217 717 4264 1‘
735 4231 770 4266 m.
790 4218 805 4266 1
825 4213 933 4266 uastam
951 4213 1044 4280 1111?
1064 4211 1145 4281 impr.
1164 4219 1186 4265 11
1201 4216 1224 4266 V
1245 4212 1248 4284 1

99 4303 185 4357 laena
202 4303 247 4356 ael
264 4301 342 4371 palla
361 4301 497 4355 Heinsius
510 4302 520 4369 l
535 4306 567 4355 18
586 4301 695 4356 Retulit
712 4305 757 4371 111
774 4300 908 4369 quaerulc
926 4307 947 4352 0
966 4302 976 4370 11
1000 4306 1031 4354 19
1050 4315 1121 4369 pena
1139 4305 1161 4352 r
1179 4317 1250 4375 perp

100 4395 139 4459 1¹3
158 4390 218 4444 Nec
235 4406 327 4459 poena
342 4392 385 4445 est
398 4390 565 4446 Fonteiuias
578 4392 588 4461 1
602 4396 635 4444 01
655 4390 714 4445 fato
729 4405 746 4448 ς
760 4391 842 4460 pacto
857 4404 874 4447 ς
888 4389 1024 4444 Heinsius
1043 4389 1100 4457 (sed
1118 4394 1156 4444 est
1173 4391 1251 4445 nullo

101 4479 179 4535 facto
195 4505 229 4524 =
242 4480 321 4535 nullo
340 4495 402 4536 meo
422 4479 539 4535 delicto:
558 4479 593 4546 cs.
612 4479 722 4535 Lacbm.
743 4481 780 4534 ud
798 4478 882 4534 Lacr.
898 4496 929 4548 p.
949 4482 994 4548 04)

155 4579 316 4622 Paestanus.
1021 4574 1037 4622 8
