3004 5068
277 291 394 346 XXXIV
708 289 995 346 PROLEGOMENA.

278 451 433 540 metiri*).
460 456 547 519 reete
561 457 669 518 autem
684 455 739 539 qui
753 459 786 519 et
799 453 996 519 enarrationi
1009 455 1043 516 et
1057 450 1275 516 emendationi
1289 471 1407 534 operam
1491 530 1492 543 χ

278 565 401 628 nauant
424 560 514 647 (narn
537 561 584 625 ita
607 583 684 626 sane
707 563 880 645 utrumque
907 559 1051 624 officium
1080 562 1131 624 est
1154 557 1358 622 coniunctum
1379 558 1409 618 ut

278 691 383 753 neque
407 669 510 732 bonus
533 669 702 751 interpres,
725 668 790 732 nisi
813 669 868 751 qui
892 666 1070 750 probabilis
1094 665 1139 728 sit
1161 664 1301 748 criticus,
1321 683 1409 746 neque
1490 712 1492 733 .

278 777 408 840 criticus
423 776 536 858 bonus,
555 775 619 838 nisi
632 775 689 858 qui
702 775 882 857 probabilis
897 774 941 838 sit
953 774 1128 856 interpres,
1146 772 1283 835 existere
1296 754 1418 854 possit),'

279 884 310 947 ei
336 881 542 967 Propertium
570 882 698 963 saepius
726 903 746 945 a
770 880 823 945 dia
845 878 966 946 Oritioa
989 901 1087 963 quam
1112 879 1153 942 ab
1176 876 1412 942 Hermeneutica
1489 904 1492 955 p

279 1011 374 1074 opem
398 988 617 1072 auxiliumque
639 986 788 1072 flagitare
808 987 924 1071 sciunt,
947 985 1071 1069 experti
1090 985 1216 1050 scilicet
1235 1006 1334 1068 quam
1351 983 1410 1047 sulr

279 1097 329 1160 tili
361 1097 486 1161 trutina
517 1093 728 1178 ponderanda
760 1094 806 1158 sit
836 1095 923 1159 bona
954 1115 1030 1177 pars
1062 1093 1222 1169 locorum,
1259 1112 1338 1174 quos
1368 1089 1415 1152 alii
1491 1084 1492 1125 3

280 1203 470 1268 sanissimos
498 1202 554 1265 alii
583 1205 753 1284 corruptos
776 1201 907 1266 habent
943 1200 1102 1264 falluntur
1129 1199 1165 1262 in
1186 1198 1249 1262 hac
1272 1220 1307 1261 re
1330 1197 1415 1260 etiam

280 1310 343 1374 uiri
359 1314 467 1374 cetera
480 1309 616 1392 egregii:
635 1308 711 1372 dum
724 1307 857 1391 patroni
871 1307 1007 1372 existere
1022 1307 1139 1371 uolunt
1151 1305 1300 1369 uersibus
1314 1304 1416 1367 misere

282 1414 467 1500 exagitatis,
499 1436 594 1500 saepe
627 1435 741 1479 causas
773 1413 948 1478 defendunt
979 1435 1047 1478 non
1079 1413 1192 1477 iustas.
1234 1409 1419 1495 percensebo

281 1522 421 1606 primam
440 1521 587 1606 elegiam.
619 1521 788 1586 consueuit
811 1524 901 1585 aetas
924 1523 1037 1586 nostra
1059 1541 1118 1604 pro
1142 1518 1354 1602 Propertiano
1376 1537 1421 1580 ae·

283 1629 388 1712 cipere
412 1651 442 1693 u.
464 1627 509 1692 12

538 1733 614 1800 Ibat
636 1739 669 1800 et
690 1735 835 1800 hirsutas
858 1735 916 1798 ille
938 1734 1049 1800 uidere
1072 1734 1172 1819 feras,

283 1841 334 1904 cui
357 1840 488 1905 lectioni
511 1840 656 1906 fautores
680 1863 756 1906 saue
775 1862 843 1906 non
861 1841 1089 1906 contemnendi
1102 1839 1315 1906 Marklandus
1332 1839 1424 1905 Hem·
1493 1883 1494 1892 η

283 1947 463 2012 sterhusius
487 1947 714 2012 Lachmannus
739 1970 773 2012 se
796 1948 997 2032 addixerunt,
1020 1951 1247 2031 comparantes
1270 1948 1319 2012 illi
1341 1947 1426 2012 loeu-

282 2054 388 2118 tioues
417 2052 541 2119 ‘uidere
568 2055 641 2131 loca
668 2055 801 2120 horrida
832 2059 865 2120 et
890 2054 1019 2141 ignota'
1048 2057 1100 2120 uel
1129 2054 1256 2120 ‘uidere
1281 2055 1427 2138 pericula,
1491 2056 1492 2065 ’

360 2283 386 2353 *)
405 2283 574 2338 defendendi
593 2283 716 2338 studium
735 2300 818 2354 saepe
837 2284 909 2338 miro
928 2284 1013 2339 modo
1032 2285 1141 2338 mentes
1156 2284 1233 2353 rapit
1245 2283 1275 2338 in
1290 2300 1428 2354 praeceps.

284 2371 358 2426 dabo
383 2371 494 2442 aliquot
518 2373 661 2442 exempla,
687 2389 806 2441 quorum
831 2372 967 2428 memoria
991 2371 1063 2426 mihi
1091 2388 1188 2426 recens
1216 2375 1268 2426 est.
1299 2373 1312 2426 Ι
1336 2377 1376 2441 15,
1394 2377 1428 2424 29

285 2460 373 2514 uerba
389 2460 495 2514 tradita
515 2461 617 2516 ‘multa
634 2461 712 2530 prius
731 2464 811 2516 uasto
830 2462 962 2516 labentur
979 2463 1096 2516 flumina
1112 2463 1212 2531 pouto'
1233 2479 1322 2532 nuper
1337 2461 1429 2517 extitit

285 2549 333 2617 qui
356 2551 482 2604 tueretur
505 2549 671 2619 explicando
696 2551 730 2605 ‘a
751 2554 839 2620 ponto
862 2553 936 2606 retro
954 2551 1068 2618 fluent',
1097 2568 1153 2606 non
1186 2551 1358 2621 perspiciens
1381 2551 1430 2603 ille

285 2655 348 2692 cum
374 2637 463 2707 ipsius
485 2639 564 2694 uocis
589 2639 695 2694 ‘rotro’
724 2641 785 2694 tum
802 2639 1017 2709 praepositionis
1035 2639 1082 2694 hic
1101 2640 1217 2709 quidem
1235 2639 1321 2709 plane
1338 2655 1430 2693 neces-

285 2727 375 2782 sariae
403 2727 560 2784 absentiam
585 2729 714 2784 omnibus
737 2730 811 2784 sanis
835 2728 938 2783 criticis
957 2728 1121 2800 ,comigendi
1144 2746 1259 2784 causam
1282 2727 1376 2783 fuisse.
1396 2758 1430 2767 -

286 2816 358 2870 alter
379 2817 491 2886 doctus,
519 2817 593 2886 quod
616 2816 642 2870 ΙΙ
665 2823 713 2885 32,
737 2823 771 2873 50
797 2817 928 2886 'altaque
951 2817 1067 2872 mortali
1090 2818 1215 2888 deligere
1234 2821 1310 2871 asna
1327 2815 1428 2872 manu’

289 2904 356 2962 aL.
376 2905 511 2960 Muellero
533 2904 608 2960 bona
631 2905 783 2960 Burmanni
804 2905 964 2960 amandatio
985 2906 1145 2976 ‘deripere'
1165 2908 1281 2974 recepta
1299 2908 1348 2974 est
1369 2921 1430 2975 gra-

286 2995 363 3048 uiter
383 2995 537 3050 commotus
555 2993 773 3064 indignatusque
786 2991 852 3048 talis
866 2993 989 3063 suscepti
1003 2993 1150 3049 audaciam
1165 2995 1336 3050 Ouidianum
1352 2995 1431 3049 ‘deli-

285 3097 351 3152 gere
374 3098 467 3151 ungue
490 3083 598 3137 rosam'
629 3081 788 3152 similiaque
811 3099 867 3137 nou
889 3083 1066 3154 neglegenda
1083 3083 1232 3152 clamauit;
1257 3084 1339 3154 quasi
1365 3098 1431 3138 uero

199 3173 203 3182 '
287 3169 391 3224 ‘sidera
409 3170 444 3224 da
463 3171 541 3225 caelo
560 3171 694 3242 deligere’
716 3171 815 3226 codem
833 3171 894 3225 iure
912 3187 968 3239 quo
989 3171 1036 3226 ‘de
1053 3172 1168 3226 uiractis
1192 3172 1275 3226 flores
1295 3171 1430 3242 deligere’

288 3259 429 3313 diceretur
446 3275 536 3328 nsque
556 3259 591 3314 de
609 3260 709 3329 mandi
728 3260 824 3328 aliquo
842 3259 1004 3328 inmanique
1023 3260 1147 3314 facinora
1165 3259 1225 3314 illic
1239 3262 1385 3330 ageretur!
1397 3290 1429 3300 -

285 3346 385 3404 tertius
398 3347 513 3417 quidam
527 3348 553 3402 II
570 3355 611 3417 18,
625 3354 659 3403 29
681 3348 727 3403 ‘de
741 3365 794 3416 me,
813 3348 852 3402 mi
871 3350 947 3403 certe
964 3348 1071 3418 poteris
1089 3347 1214 3404 formosa
1231 3349 1334 3403 uideri’
1355 3365 1431 3420 egre·

284 3436 361 3508 giam
386 3437 610 3492 emendationem
638 3438 704 3507 ‘per
728 3438 772 3492 te'
805 3437 871 3507 (ipsi
897 3437 983 3492 ‘lenis
1009 3438 1059 3492 sed
1084 3437 1183 3492 eadem
1209 3437 1299 3492 lenis'
1328 3438 1429 3504 auditi)

285 3527 382 3596 procul
401 3527 551 3581 arcendam
569 3528 652 3594 putat
671 3527 738 3596 quia
755 3526 895 3580 sententia
912 3525 951 3600 sit
971 3526 1057 3580 ‘mihi
1080 3528 1170 3595 certe,
1189 3525 1261 3581 alios
1280 3528 1354 3582 enim
1372 3543 1426 3582 nou

285 3631 386 3684 moror,
406 3632 515 3686 semper
532 3617 630 3671 monuo
649 3616 742 3671 colora
760 3616 885 3685 places’,
903 3616 934 3670 id
952 3616 1046 3685 ipsum
1064 3614 1247 3683 uocabulum,
1271 3617 1347 3684 quod
1366 3614 1430 3686 quia

288 3702 441 3770 requiritur
460 3719 550 3773 neque
569 3704 650 3759 adest
668 3704 759 3759 critici
776 3704 966 3772 restituenmt,
984 3704 1062 3758 nullo
1080 3703 1165 3772 plane
1183 3703 1244 3758 iure
1262 3705 1350 3773 atque
1363 3705 1431 3760 adeo

287 3790 415 3859 improbe
434 3790 661 3862 subintellegens.
681 3823 715 3831 -
734 3794 851 3860 quartus
874 3792 995 3860 deniqne
1013 3793 1113 3847 doctus
1131 3791 1173 3846 ΙΙΙ
1191 3798 1234 3860 19,
1251 3798 1287 3847 27
1306 3793 1430 3864 ineptum

290 3878 418 3934 ‘tamen'
443 3877 485 3931 ita
503 3880 655 3934 sustentat:
683 3881 871 3950 ‘quamquam
894 3877 1063 3950 supplicium
1088 3880 1207 3950 sumpsit
1229 3881 1264 3936 de
1284 3881 1393 3952 Scylla,
1414 3898 1430 3933 a

288 3984 345 4037 qua
369 3965 503 4020 beneficio
527 3965 643 4021 affectus
667 3970 742 4036 erat,
766 3971 862 4022 tumen
885 3968 976 4022 factus
999 3971 1042 4023 est
1065 3970 1160 4038 iudex,
1183 3986 1275 4039 neque
1292 3970 1429 4035 inmerito,

287 4057 354 4127 qnia
381 4054 510 4124 quamuis
537 4055 627 4110 uictor
654 4059 750 4111 tamen
776 4075 880 4126 aequus
904 4058 934 4112 in
959 4057 1042 4112 hoste
1069 4057 1149 4114 fuit’.
1192 4077 1249 4127 qua
1273 4060 1429 4116 defensione

286 4144 397 4215 planior
419 4145 488 4214 puto
511 4144 543 4198 fit
566 4144 643 4199 uocis
668 4145 818 4214 corruptio.
837 4177 871 4186 -
896 4147 945 4200 sed
968 4147 1028 4200 dies
1050 4146 1122 4200 mihi
1145 4147 1269 4216 deficiet,
1295 4148 1320 4202 si
1345 4148 1426 4204 uelim

289 4249 451 4287 enumerare
470 4250 541 4302 quae
559 4234 596 4288 ab
610 4233 664 4289 hac
679 4236 758 4302 parte
772 4237 892 4302 peccaut
906 4234 982 4289 docti
995 4235 1165 4305 indoctique.
1194 4237 1303 4291 utinam
1317 4237 1426 4292 taudem

287 4321 324 4375 ab
342 4319 480 4377 eiusmodi
497 4323 579 4393 nugis
597 4321 770 4392 proferendis
788 4322 949 4379 abstineant
962 4322 1126 4392 discantque
1139 4324 1226 4379 etiam
1241 4325 1348 4393 aliquid
1363 4327 1426 4380 dare

287 4408 457 4466 anteriorum
476 4410 592 4466 iudicio!
