3004 5068
272 297 363 353 XXVI
704 297 991 355 PROLEGOMENA.

271 483 323 526 uu.
350 461 390 526 15
414 464 446 526 et
471 463 511 526 16
536 483 629 526 suum
657 465 734 546 post
755 485 786 526 u.
812 462 852 525 12
876 461 982 526 locum
1010 461 1180 552 flagitant,
1202 467 1239 526 ut
1259 463 1315 526 rite
1334 483 1415 545 pro-

272 566 365 633 cedat
382 567 580 634 narrationis
596 567 689 653 ordo3
707 573 778 633 tum
792 567 921 634 demum
939 568 1115 633 lauationis
1130 572 1218 634 recte
1235 571 1273 634 fit
1285 569 1416 634 mentio.

273 671 473 760 quamquam
491 696 550 740 nec
573 697 659 740 nunc
682 697 735 740 uu.
761 675 801 740 13
825 677 858 740 et
883 675 924 739 14
948 677 1065 740 coeunt
1088 698 1160 741 cum
1182 677 1308 763 ceteris,
1328 677 1415 740 unde

272 782 440 846 doctorum
462 782 497 847 in
519 804 598 848 uoce
622 781 773 847 ‘leuatur'
797 782 988 868 corrigenda
1010 784 1181 848 conamina
1203 804 1304 848 cassa.
1335 803 1417 846 nam

273 887 354 952 alibi
381 888 463 954 latet
490 890 617 954 uulnus.
657 889 714 953 ubi
742 890 830 954 enim
861 889 937 954 data
965 911 1063 973 opera
1087 889 1319 975 Spartanarum
1341 889 1417 953 uita

273 1017 443 1082 moresque
471 995 703 1082 depinguntur,
731 996 777 1061 ibi
801 994 937 1080 Spartae
965 997 1091 1082 genitos
1115 995 1288 1062 Castorem
1309 995 1419 1060 Pollu·
1492 1075 1493 1090 ,

273 1124 404 1188 cemque
437 1107 470 1168 et
497 1102 657 1168 Helenam
691 1104 811 1168 accersi
842 1103 877 1167 in
910 1103 1186 1188 comparationem
1219 1101 1349 1189 (‘qualis
1380 1105 1418 1165 et

270 1208 425 1274 Eurotae'
450 1207 521 1296 eqs)
545 1209 692 1294 equidem
714 1231 781 1274 non
804 1231 982 1295 concoquo3
1004 1210 1167 1294 mirorque
1185 1210 1268 1274 illud
1282 1229 1418 1294 quoque,

272 1316 358 1401 quod
385 1315 512 1383 Helena
537 1317 632 1382 nudis
660 1317 794 1402 papillis
822 1339 914 1382 arma
942 1318 1073 1401 capiens
1101 1317 1217 1382 fratres
1247 1316 1323 1382 deos
1347 1337 1419 1379 non

271 1423 438 1488 erubuisse
461 1424 586 1489 dicitur.
616 1445 701 1508 nam,
724 1424 780 1508 qui
803 1427 950 1491 ueterum
972 1445 1043 1488 mos
1067 1427 1146 1508 erat,
1168 1424 1262 1489 nulla
1283 1425 1335 1488 hic
1355 1423 1418 1486 ulli

271 1530 425 1595 heroinac
449 1553 547 1612 causa
570 1532 788 1596 erubescendi.
818 1532 930 1617 itaque
954 1522 1086 1617 grauius
1105 1531 1236 1616 aliquid,
1261 1531 1343 1615 quod
1360 1537 1419 1594 'ce-

271 1637 349 1702 teris
382 1641 513 1722 praeter
544 1636 723 1723 Spartanae
755 1637 886 1702 feminis
924 1637 1040 1702 merito
1072 1636 1172 1702 fuerit
1202 1637 1330 1722 pudori,
1363 1659 1419 1701 ex·
1492 1655 1493 1680 ¹

271 1747 448 1827 pectamus.
493 1767 551 1829 per
574 1745 773 1810 omniafere
795 1744 985 1830 Propertius
1016 1748 1203 1828 persecutus
1227 1747 1298 1808 erat
1319 1743 1420 1828 uirgi-

271 1871 347 1913 nem
360 1849 664 1917 Lacedaemoniam:
686 1852 772 1916 nuda
790 1851 826 1915 in
843 1851 1008 1935 palaestra
1026 1872 1181 1915 unacum
1198 1851 1279 1915 uiris
1293 1853 1420 1914 exercet

272 1977 398 2040 corpus,
422 1957 554 2040 equitat,
579 1962 706 2023 armata
724 1961 781 2042 est,
804 1960 951 2022 uenatur.
979 1957 1056 2042 quid
1074 1957 1139 2020 iam
1162 1956 1289 2021 restat?
1315 1957 1421 2022 dicam
1492 2031 1493 2048 ,

271 2062 332 2126 tibi
355 2065 472 2145 poetae
491 2064 598 2130 uerbis
618 2087 638 2130 a
661 2086 712 2129 me
732 2085 771 2129 ex
790 2064 974 2128 coniectura
992 2061 1166 2127 restitutis:
1190 2062 1307 2148 ‘qualis
1322 2062 1420 2126 Ama-

272 2169 422 2234 zonidum
448 2169 579 2236 nudatis
607 2171 725 2236 bellica
753 2170 904 2234 mammis
927 2167 1228 2233 Thermodontiacis
1256 2171 1350 2234 turba
1371 2169 1420 2233 la-

271 2281 390 2342 uantur
414 2278 516 2362 aquis,
540 2277 612 2341 talis
636 2280 669 2342 et
692 2269 835 2342 Eurotae
855 2276 971 2340 Pollux
994 2279 1027 2340 et
1041 2273 1159 2341 Castor
1180 2275 1312 2340 herenis
1335 2273 1421 2360 (scil.

272 2381 451 2468 leuantur),
481 2385 568 2449 inter
598 2406 679 2469 quos
707 2382 848 2449 Helene'
876 2405 942 2468 eqs.
982 2382 1086 2448 lauari
1116 2380 1295 2466 Spartanae
1324 2381 1421 2445 simul

273 2512 346 2554 cum
369 2490 448 2555 uiris
471 2493 662 2556 narraturus
686 2491 874 2576 Propertius
901 2489 1026 2573 profert
1054 2490 1236 2573 exemplum
1260 2511 1278 2552 e
1301 2488 1431 2556 fabulis¹

271 2596 418 2680 petitum.
466 2601 513 2680 at,
540 2597 664 2683 inquis,
693 2597 757 2662 huc
785 2619 852 2662 non
881 2596 1005 2662 faciunt
1034 2597 1134 2660 uerba
1165 2594 1275 2660 ‘nudis
1306 2616 1420 2678 capere

273 2725 364 2768 arma
381 2703 537 2786 papillis’.
566 2705 654 2770 bono
670 2708 739 2770 esto
759 2705 867 2770 animo
881 2703 1086 2787 primumque
1100 2703 1246 2766 omnium
1262 2722 1421 2788 agnoscas

273 2809 433 2874 Italorum
452 2809 622 2876 fabricam:
646 2811 752 2877 ‘nudis
772 2808 860 2894 l‘est'
881 2810 951 2875 add.
965 2807 1005 2896 F)
1022 2811 1148 2874 armata
1167 2807 1305 2894 capillia'
1328 2830 1420 2892 prae·

272 2915 329 2980 bet
348 2927 384 2981 0.
411 2938 478 2982 non
495 2919 576 2983 bene
597 2923 705 2984 autern
728 2920 803 3000 Itali
824 2916 976 3003 ‘papillis’
1000 2917 1208 2982 restituentes
1231 2916 1266 2981 in
1283 2919 1421 3004 utraque

274 3024 525 3105 comparationis
547 3028 641 3108 parte
665 3025 799 3090 eandem
827 3025 995 3090 notionem
1017 3026 1234 3088 recurrentem
1261 3022 1420 3088 fecerunt:

273 3149 341 3192 non
371 3128 540 3214 ‘capillis’,
569 3131 625 3196 sed
652 3131 686 3197 id
714 3131 799 3216 quod
827 3135 878 3195 est
905 3127 1032 3194 ‘nudis'
1063 3128 1259 3194 correctione
1286 3129 1420 3214 indiget.

274 3257 400 3301 mecum
428 3258 548 3320 repone
572 3235 695 3303 ‘fluidis
723 3274 770 3328 -κ
787 3235 945 3320 capillis':
973 3236 1110 3301 habebis
1137 3235 1225 3321 quod
1251 3236 1285 3300 in
1312 3236 1421 3320 puella

274 3343 400 3406 lauanti
429 3346 504 3428 apte
528 3347 807 3410 commemoretur.
848 3347 952 3407 restat
974 3344 1074 3428 igitur
1098 3341 1332 3408 emendandum
1356 3342 1420 3407 ‘ar-

275 3448 389 3514 mata'.
413 3451 464 3516 cui
487 3451 560 3515 uoci
584 3449 737 3535 quidnam
761 3449 866 3514 subsit
891 3449 978 3514 dictu
1007 3448 1244 3534 difficillimum
1273 3453 1306 3514 et
1332 3453 1420 3534 post·

275 3579 373 3642 quam
401 3558 510 3623 omnia
537 3559 708 3643 temptaui,
736 3557 869 3623 tandem
897 3579 936 3622 eo
968 3556 1100 3640 perueni
1128 3559 1164 3620 ut
1191 3553 1349 3620 ‘armata'
1379 3555 1419 3620 ab

273 3664 506 3747 interpolatore
542 3665 699 3730 insertum
736 3686 805 3729 esse
837 3667 1014 3728 statuerem
1050 3663 1240 3727 reficiendae
1276 3664 1420 3728 lacunae.

274 3768 346 3833 dedi
371 3771 456 3854 quod
473 3774 570 3835 ¹certe
596 3793 663 3838 non
689 3771 859 3858 indignum
881 3775 931 3836 est
956 3774 1055 3855 poeta
1078 3769 1198 3835 ‘fluidis
1221 3759 1419 3836 1111311111-

276 3876 364 3960 pillis
373 3875 392 3942 '.

364 3982 409 4048 111
431 3983 512 4048 haec
535 3984 664 4069 quidem
688 3986 726 4051 de
750 3984 1071 4070 interpolationibus3
1100 4005 1176 4048 nam
1198 4005 1277 4048 num
1301 3980 1419 4066 integri

275 4113 388 4155 uersus
413 4092 540 4155 amala
563 4114 660 4156 manu
684 4095 913 4177 suppostorum
936 4091 971 4154 in
998 4093 1123 4154 textum
1152 4089 1219 4153 sint
1240 4087 1345 4173 inlati,
1368 4089 1419 4153 ad-

276 4197 407 4262 modum
440 4198 561 4264 dubito.
607 4200 753 4284 proxime
786 4201 893 4262 autem
927 4220 1000 4262 cum
1037 4196 1102 4262 illis
1137 4183 1309 4261 coniuncta
1346 4198 1419 4260 sunt

276 4302 482 4386 glossemata,
506 4326 588 4388 quae
612 4305 738 4390 etipsa
761 4326 848 4369 nunc
870 4305 1010 4369 tractare
1032 4325 1099 4369 non
1121 4303 1246 4368 carebit
1269 4302 1416 4368 utilitate.

276 4430 381 4493 neque
405 4411 490 4474 enim
512 4434 585 4477 raro
609 4413 643 4476 in
666 4411 836 4496 Propertio
866 4411 1158 4496 interpretamenta
1185 4409 1253 4476 siue
1275 4409 1312 4473 in
1338 4430 1417 4474 mar·
