3052 5044
503 323 700 378 PROPERTII
718 323 785 378 LlB.
805 323 838 379 ΙΙ.
860 328 901 378 16.

149 503 198 550 30
257 486 382 552 Arserit
408 490 441 552 et
464 487 594 572 quantis
618 493 721 571 nupta
745 484 867 551 Creusa
889 485 993 550 malis.

207 591 347 658 Nullane
371 595 498 660 sedabit
521 599 651 660 nostros
674 594 792 658 iniuria
816 592 933 658 fletus?

255 699 307 764 An
330 701 423 766 dolor
445 701 500 766 hie
523 701 613 765 uitiis
636 701 739 766 nescit
762 701 877 765 abesse
900 699 987 764 tuis?

209 803 275 870 Tot
297 806 362 871 iam
386 808 494 872 abiere
518 807 600 891 dies,
623 829 696 872 oum
719 829 771 870 me
794 827 854 870 neo
877 827 954 870 eura
976 805 1098 870 theatri

253 911 322 977 Nec
344 914 454 998 tetigit
478 910 606 996 Campi,
628 935 687 978 neo
711 935 783 977 mea
806 911 901 976 Musa
924 911 1023 975 iuuat.

150 1017 239 1082 35A
262 1019 383 1102 pudeat
406 1025 505 1103 certe,
529 1019 660 1104 pudeat!
684 1019 747 1082 nisi
770 1018 868 1101 forte,
892 1019 978 1102 quod
1002 1017 1106 1096 aiunt,

254 1125 368 1210 Turpis
393 1149 485 1191 amor
508 1126 612 1191 surdis
637 1127 769 1191 auribus
793 1147 863 1189 esse
887 1124 977 1189 solet.

210 1227 312 1296 Cerne
337 1232 462 1318 ducem,
486 1233 582 1298 modo
607 1233 661 1317 qui
684 1233 817 1297 fremitu
841 1231 1015 1314 compleuit
1037 1231 1127 1295 inani

256 1336 353 1403 Aetia
375 1339 539 1403 damnatis
564 1360 704 1422 aequora
727 1338 893 1402 militibus.

208 1442 305 1508 Hune
327 1444 457 1509 infamis
482 1468 573 1511 amor
595 1445 697 1509 uersis
720 1444 796 1508 dare
820 1449 912 1529 terga
935 1443 1053 1508 earinis

155 1565 200 1613 40
253 1548 354 1615 Iussit
377 1555 410 1614 et
432 1557 575 1615 extremo
600 1571 752 1634 quaerere
775 1551 810 1614 in
834 1550 911 1614 orbe
934 1550 1056 1635 fugam.

210 1653 358 1721 Caesaris
382 1657 462 1722 haee
485 1659 589 1722 uirtus
613 1661 646 1721 et
669 1657 776 1742 gloria
799 1655 948 1722 Caesaris
972 1656 1052 1720 haee
1077 1659 1137 1720 est:

254 1761 331 1846 Illa,
355 1785 419 1847 qua
440 1765 536 1848 uicit,
559 1763 703 1828 condidit
726 1785 817 1828 arma
840 1785 946 1827 manu.

211 1865 273 1932 Sed
296 1892 513 1954 quascumque
536 1871 597 1935 tibi
620 1873 741 1954 uestes,
764 1891 982 1954 quoscumque
1006 1869 1195 1954 smaragdos

256 1975 385 2052 Quosne
408 1976 497 2041 dedit
518 1977 603 2041 flauo
628 1977 748 2041 lumine
771 1976 1004 2060 chrysolithos,
1030 1990 1032 1994 ’

158 2096 201 2144 45
211 2080 300 2146 Haeo
324 2083 452 2147 uideam
475 2083 606 2168 rapidas
629 2085 664 2148 in
686 2104 807 2146 uanum
830 2083 914 2147 ferre
938 2083 1111 2166 procellae,

254 2187 344 2263 Quae
366 2191 429 2255 tibi
451 2195 552 2273 terra,
575 2190 687 2274 uelim,
712 2211 795 2273 quae
817 2189 879 2254 tibi
900 2189 959 2252 fiat
982 2211 1075 2273 aqua.

210 2293 286 2359 Non
310 2319 437 2381 semper
459 2297 606 2381 placidus
629 2298 775 2380 periuros
798 2297 881 2360 ridet
907 2297 1054 2361 amantes

255 2401 402 2487 Iuppiter
426 2407 458 2468 et
481 2404 579 2468 surda
601 2404 746 2488 neglegit
770 2426 846 2467 aure
869 2424 990 2487 preces.

211 2507 351 2573 Vidistis
375 2515 444 2575 toto
469 2512 593 2575 sonitus
617 2532 802 2595 percurrere
827 2512 930 2594 eaelo,

160 2630 200 2679 50
255 2614 469 2700 Fulminaque
493 2618 644 2682 aetherea
667 2617 836 2681 desiluisse
860 2618 966 2682 domo

210 2719 285 2785 Non
308 2722 388 2787 haee
411 2723 556 2788 Pleiades
580 2723 704 2788 faciunt
726 2745 830 2806 neque
854 2745 996 2808 aquosus
1020 2722 1137 2807 Orion,

255 2825 324 2892 Neo
348 2830 394 2893 sie
417 2829 456 2893 de
478 2830 582 2916 nihilo
605 2831 750 2894 fulminis
774 2832 823 2894 ira
847 2832 945 2896 eadit:

209 2932 359 2998 Periuras
382 2939 461 2999 tuno
483 2936 539 3000 ille
563 2938 646 3001 solet
668 2937 783 3020 punire
807 2937 946 3021 puellaS,

255 3040 417 3125 Deceptus
441 3043 594 3127 quoniam
616 3043 707 3106 fleuit
730 3047 762 3106 et
784 3044 854 3127 ipse
878 3044 964 3108 deus.

163 3161 200 3211 55
213 3146 318 3223 Quare
341 3169 381 3210 ne
404 3149 466 3212 tibi
490 3149 533 3213 sit
555 3151 639 3214 tanti
664 3148 798 3214 Sidonia
820 3152 934 3234 uestis,

256 3253 301 3318 Ut
323 3255 453 3341 timeas,
477 3256 626 3340 quotiens
650 3255 779 3319 nubilus
803 3255 923 3320 Auster
946 3257 1015 3320 erit.

195 3447 263 3501 Vra.
283 3467 358 3502 incr.
396 3455 430 3502 30
450 3449 547 3502 cinusa
565 3454 598 3517 V,
618 3465 686 3504 eoru.
705 3466 757 3519 my.
776 3467 810 3506 m.
825 3453 845 3504 2
858 3452 868 3519 11
882 3457 913 3504 31
936 3467 965 3504 se
984 3449 1065 3504 dabit
1081 3453 1209 3520 1111132
1224 3452 1268 3506 Ah

114 3538 321 3593 Laelemuuuus
346 3539 350 3604 1
380 3537 457 3590 abire
476 3541 499 3588 V
517 3553 568 3607 my.
588 3541 662 3592 m.2
691 3539 695 3606 1
724 3539 782 3591 tuis
801 3553 830 3595 5:
851 3539 907 3592 suis
927 3543 960 3606 ⁰3
978 3540 1072 3592 malim
1090 3541 1170 3595 nouis
1198 3543 1208 3610 1
1234 3548 1268 3596 33

113 3628 207 3682 teatri
225 3628 317 3696 1134
337 3625 430 3695 campi
448 3632 472 3678 IV
490 3644 523 3679 m.
539 3633 555 3680 1
574 3643 660 3695 supra
678 3627 726 3682 liu.
744 3629 747 3690 1
764 3645 843 3680 musa
861 3643 890 3685 5:
909 3644 1007 3682 mensa
1025 3630 1116 3704 01135
1135 3630 1178 3683 Ah
1197 3638 1218 3683 0
1233 3635 1270 3686 V:

119 3721 159 3774 At
179 3722 237 3768 ra
262 3719 266 3785 1
292 3715 382 3787 aiunt]
402 3717 499 3769 ament
516 3721 550 3783 Ε,
569 3731 636 3771 eoru.
656 3732 707 3785 mo.
728 3733 760 3768 m.
781 3718 871 3785 21139
891 3717 971 3771 Nune
990 3722 1013 3769 V
1038 3722 1041 3784 1
1065 3718 1156 3774 infans
1175 3727 1210 3788 1³3
1229 3721 1271 3776 in·

116 3823 206 3860 sanna
226 3821 255 3872 ς;
276 3823 314 3859 uu
332 3803 492 3858 infandus?
520 3806 529 3872 1
556 3811 656 3875 41,’42
688 3807 777 3860 alieno
796 3807 853 3860 loeo
874 3809 977 3876 positos
991 3813 1077 3877 putat
1095 3809 1269 3880 Fonteiuius,

118 3895 172 3964 qui
190 3912 217 3948 u.
238 3901 270 3948 43
291 3893 337 3948 sic
351 3910 406 3962 pro
426 3893 481 3947 Sed
499 3897 612 3948 coniecit
639 3897 649 3964 11
676 3901 708 3948 41
738 3895 839 3949 cesaris
858 3897 950 3966 gloria
967 3903 1002 3967 F,
1021 3915 1088 3954 eoru.
1108 3918 1141 3954 ue.
1162 3906 1181 3955 2
1200 3903 1269 3969 siqu.

118 3999 216 4053 oppos.
231 3983 289 4051 1144
307 3983 394 4038 flauos
409 3989 465 4036 01
486 3985 527 4053 (iu
545 3985 594 4038 hoe
608 4004 621 4039 s
635 4002 669 4042 m.
683 3991 702 4040 2
718 3988 886 4054 suppuueta)
900 3987 1010 4054 flauo}
1022 3993 1045 4040 V
1067 3988 1070 4060 1
1092 3989 1270 4044 chrisolithos

117 4077 143 4123 11
170 4071 348 4125 crisolitosr
372 4072 539 4141 chrysolitos
563 4077 621 4126 DV
652 4073 662 4141 11
694 4079 728 4127 46
757 4073 865 4138 Qua-
881 4091 936 4142 qua
959 4076 1082 4146 Scaliger
1109 4079 1206 4144 Qui—
1222 4078 1271 4146 qui

119 4161 247 4229 Guyetus
263 4162 267 4228 1
283 4161 333 4214 fiat
349 4168 371 4213 1)
385 4166 420 4216 V:
441 4163 490 4218 fiet
508 4168 565 4215 111
585 4165 617 4230 (V
635 4180 670 4215 m.
690 4164 721 4230 2)
736 4164 745 4230 1
766 4168 800 4216 48
819 4162 925 4232 Iupiter
941 4170 962 4216 r
976 4170 999 4216 n
1016 4168 1019 4232 1
1036 4167 1156 4235 negligit
1175 4174 1193 4220 0
1213 4171 1269 4237 (ne-

119 4248 178 4319 glit
195 4254 216 4299 V
235 4266 269 4304 m.
288 4251 315 4318 1)
334 4251 391 4318 149
410 4250 534 4304 Vidistin
552 4267 568 4308 ς
585 4254 589 4318 1
606 4254 682 4306 moto
703 4252 836 4306 Heinsius
850 4255 859 4321 1
873 4257 907 4307 50
927 4254 1092 4322 (a)atherea,
1111 4257 1151 4308 sie
1170 4262 1189 4308 0
1208 4259 1269 4325 151

118 4337 228 4392 fatiunt
245 4343 269 4389 IV
291 4338 301 4406 11
328 4345 361 4391 52
381 4339 503 4392 fluminis
521 4344 544 4391 V
563 4356 613 4408 my.
632 4357 667 4393 m.
686 4345 720 4406 3;
738 4340 860 4394 numinis
879 4341 922 4395 ira
941 4343 1015 4397 calet
1034 4343 1069 4396 L.
1091 4344 1245 4400 Muellerus
1262 4345 1271 4417 11

120 4433 157 4481 53
177 4425 238 4497 ille]
259 4443 319 4480 esse
338 4432 372 4495 1²,
392 4445 460 4483 corr.
480 4445 530 4497 my.
550 4447 584 4482 m.
604 4432 636 4496 23
656 4428 716 4498 ipse
734 4433 757 4480 V
775 4447 827 4498 my.
847 4447 879 4484 m.
899 4434 990 4500 21156
1008 4432 1122 4486 hauster
1140 4439 1162 4486 11
1177 4438 1200 4485 V

177 4526 337 4568 Paorranrns.
1042 4529 1057 4578 5
