3046 5032
487 330 684 387 Pnornnrss
703 331 770 387 LIB.
789 333 838 388 IV.
856 339 880 388 8.

155 510 192 559 40
246 493 336 558 Haec
359 495 463 560 facilis
488 496 611 582 spargi,
634 495 754 562 munda
777 496 845 560 sine
869 498 954 580 arte,
977 518 1060 561 rosc.

201 600 315 666 Nanus
340 602 464 686 etipse
488 625 564 668 sucs
588 603 730 668 breuiter
753 605 923 667 concretus
946 603 981 666 in
1005 608 1095 669 artus

245 707 395 774 lactabat
417 713 550 776 truncas
574 710 615 776 ad
638 732 719 776 caua
740 711 825 774 buxa
848 732 973 775 manus.

203 813 264 880 Sed
287 837 390 900 neque
413 817 573 901 suppletis
597 818 770 884 constabat
792 817 925 880 flamma
948 817 1103 900 lucernis,

246 922 393 989 Reccidit
416 924 513 1010 inque
537 948 612 992 suos
636 947 748 990 mensa
772 924 889 1008 supina
912 923 1018 1008 pedes.

158 1029 255 1094 45Me
279 1052 405 1114 quoque
429 1053 486 1115 per
509 1033 594 1097 telos
618 1031 776 1096 Venerem
800 1035 974 1117 quaerente
998 1030 1155 1096 secundos

248 1135 381 1221 Semper
404 1137 553 1203 damnosi
577 1138 756 1203 subsiluere
785 1159 889 1202 canes.

203 1241 390 1308 Cantabant
412 1244 524 1323 surdo,
546 1245 715 1310 nudabant
736 1247 868 1328 pectora
891 1265 1000 1309 caeco:

248 1349 388 1414 Lanuuii
411 1350 452 1415 ad
475 1355 601 1435 portes,
626 1351 655 1415 ei
678 1350 772 1435 mihi,
794 1354 884 1415 totus
908 1372 1011 1434 eram3

205 1457 286 1523 Oum
310 1458 417 1522 subito
441 1459 530 1524 rauci
555 1461 733 1523 sonuerunt
756 1458 883 1523 cardine
907 1461 1032 1542 postes,

157 1579 193 1629 50
247 1563 293 1629 Et
315 1565 402 1629 leuia
415 1565 466 1642 ‚ad
489 1565 612 1649 primos
636 1587 801 1629 murmure
823 1564 911 1630 facta
933 1562 1041 1628 Lares.

203 1669 272 1736 Nec
295 1692 403 1754 mora,
426 1694 498 1736 cum
521 1674 608 1737 totas
631 1671 798 1755 resupinat
821 1669 963 1755 Cynthia
986 1671 1110 1754 ualuas,

248 1778 324 1843 Non
346 1769 484 1862 epercse
506 1779 622 1863 comis,
645 1778 700 1844 sed
724 1778 898 1844 furibunda
920 1777 1045 1842 decens.

204 1882 323 1949 Pocula
345 1886 391 1950 mi
414 1886 535 1972 digitos
559 1887 644 1950 inter
667 1885 808 1950 cecidere
831 1885 999 1969 remissos,

248 1990 502 2078 Pallueruntqne
525 1992 598 2076 ipsc
622 1992 715 2057 labra
738 1991 845 2057 soluta
868 2013 965 2056 mero.

160 2113 195 2162 55
205 2096 371 2165 Fulminat
393 2101 451 2166 illa
474 2100 577 2165 oculis
601 2103 633 2164 et
656 2102 814 2183 quantum
837 2099 959 2164 femina
983 2099 1100 2184 saeuit,

251 2203 455 2289 spectaclum
479 2211 576 2290 capta
598 2228 657 2271 nec
680 2206 788 2270 minus
812 2206 891 2271 urbe
913 2204 984 2269 fuit.

205 2311 373 2396 Phyllidos
396 2312 498 2378 iratos
521 2313 556 2376 in
579 2313 707 2377 uultum
731 2311 851 2377 conicit
872 2331 1012 2396 ungues:

252 2419 380 2484 Territa
403 2420 527 2485 uicinas
551 2419 630 2484 Teia
653 2419 774 2484 clamat
797 2440 886 2484 anus.

209 2526 349 2591 Lumina
372 2526 497 2610 sopitos
520 2526 656 2591 turbant
680 2526 766 2591 elata
789 2525 945 2610 Quirites,

162 2649 197 2697 00
252 2632 365 2698 Omnis
388 2636 422 2698 et
443 2633 560 2698 insana
583 2634 699 2698 semita
722 2655 802 2698 uoce
826 2637 929 2697 sonat.

206 2739 285 2804 Illas
309 2740 507 2825 direptisque
528 2740 632 2806 comis
655 2741 836 2825 tunicisque
860 2739 976 2804 solutis

251 2846 383 2931 Excipit
405 2847 561 2913 obscurae
584 2848 689 2932 prime
711 2848 847 2913 taberna
870 2848 952 2912 uiae.

208 2952 349 3037 Cynthia
372 2954 491 3040 gaudet
514 2953 550 3017 in
573 2953 697 3019 exuuiis
720 2953 899 3038 uictrixque
923 2954 1059 3020 recurrit

113 3116 331 3128 ,.,..-.-...-..

120 3232 126 3241 -
190 3200 260 3256 Vis.
279 3218 354 3256 incr.
391 3205 426 3254 40
444 3199 522 3254 Haec
534 3200 646 3269 scripsi:
661 3199 698 3253 Et
711 3205 730 3252 0
744 3201 754 3268 11
767 3205 799 3254 41
815 3199 913 3254 Nerius
922 3201 1089 3255 Beroaldus:
1100 3201 1264 3282 Magqusol

115 3291 258 3348 coneritus
278 3293 357 3360 (corr.
377 3305 429 3359 any.
448 3306 482 3343 m.
502 3293 532 3358 2)
551 3290 581 3344 in
598 3307 678 3345 arcus
695 3293 740 3359 1?ss
760 3296 796 3344 44
814 3289 943 3345 Reccidit
960 3295 996 3345 ll:
1015 3289 1128 3344 Recidit
1144 3295 1165 3341 Ν
1184 3291 1266 3346 Deci-

116 3380 308 3448 (1101001145
328 3377 450 3433 secundo
468 3379 597 3448 ΝΝ1147
617 3379 702 3434 cecho
721 3385 742 3430 Ν
762 3381 825 3452 epto
843 3381 938 3448 Ν1148
956 3379 1076 3433 Lanuuii
1089 3384 1112 3431 V
1126 3395 1210 3449 corr„
1229 3385 1267 3435 n:

115 3468 240 3526 Laminii
257 3475 292 3535 Ι),
306 3472 329 3519 V
347 3485 381 3522 m.
401 3474 417 3522 1
437 3473 468 3522 ut
485 3469 543 3522 eid.
563 3467 681 3522 Lanium
699 3473 720 3520 Ν
737 3471 740 3534 1
757 3466 784 3521 ei
802 3472 838 3520 n:
857 3466 905 3522 hei
922 3472 943 3519 Ν
963 3473 995 3536 (V
1013 3485 1047 3522 m.
1066 3470 1097 3537 2)
1115 3469 1171 3522 heu
1189 3474 1245 3522 nV
1260 3469 1264 3542 1

116 3561 196 3615 totus
215 3558 338 3627 Caperes
360 3558 392 3610 dn
409 3556 509 3610 Burm.
529 3555 637 3626 Syllcpe
656 3557 731 3625 epist.
751 3555 777 3608 II
791 3572 823 3624 p.
843 3561 894 3610 683
923 3557 959 3623 (et
986 3556 1026 3610 sic
1053 3558 1111 3625 2¹1)oe
1138 3559 1269 3628 condect:

117 3647 196 3704 solus
216 3653 248 3714 ⁰3
276 3647 322 3702 sed
343 3650 425 3714 poete
440 3647 482 3699 da
506 3647 583 3700 demo
602 3645 754 3716 Esquiline
768 3645 877 3715 positus
900 3649 986 3699 mente
1003 3646 1105 3699 scilicet
1122 3651 1147 3700 et
1165 3648 1267 3717 copita-

117 3737 193 3791 tione
211 3735 288 3805 apiae
302 3733 449 3805 Cynthium
466 3736 498 3789 in
516 3735 632 3790 taberne
651 3735 688 3790 ed
702 3735 830 3790 Lanuuii
844 3738 942 3804 portas
955 3735 1010 3789 sita
1024 3740 1176 3790 uersantem
1190 3735 1267 3809 erctll

119 3831 155 3880 50
173 3823 233 3878 Nec
250 3823 362 3881 lenias
388 3825 397 3894 1
425 3828 458 3877 51
477 3826 538 3878 tum
556 3831 578 3876 n
604 3827 607 3893 1
632 3824 724 3878 motas
743 3823 877 3878 Heinsius
892 3825 897 3887 1
912 3823 1056 3894 resipuiat
1073 3830 1107 3892 Ν,
1126 3841 1194 3882 corr.
1214 3843 1266 3896 my.

117 3933 154 3970 m.
173 3917 264 3983 21152
284 3929 380 3968 comas
396 3912 589 3968 Broclchcsies
610 3915 620 3983 1
643 3918 677 3967 03
695 3912 819 3967 recidere
837 3919 859 3967 n
878 3913 1003 3968 cecidere
1022 3915 1065 3981 (ce
1083 3915 1114 3968 c'c
1132 3916 1199 3983 ras.)
1217 3920 1241 3967 V
1258 3914 1267 3986 11

119 4010 156 4060 04
174 4002 391 4070 Pelluerantque
412 4006 443 4071 0,
463 4019 531 4056 cerr.
552 4002 700 4058 Liuineius
712 4003 722 4071 11
737 4006 770 4056 55
790 4002 885 4056 oeulos
903 4007 924 4054 Ν
941 4001 945 4073 Ι
962 4001 1056 4075 scpuit
1069 4007 1093 4054 V
1106 4005 1116 4073 11
1130 4007 1164 4058 56
1184 4003 1269 4073 Spec-

118 4093 226 4148 tselum
244 4096 265 4143 Ν
284 4107 317 4145 m.
337 4097 370 4148 2:
390 4091 579 4162 Spectandum
598 4097 617 4144 0
637 4091 834 4163 Spectaculum
852 4095 877 4142 Ν
893 4093 896 4159 1
914 4107 965 4146 nec
982 4095 1006 4142 V
1019 4094 1055 4143 ll:
1075 4107 1110 4143 ne
1123 4097 1145 4142 1)
1159 4108 1214 4145 non
1229 4091 1268 4164 Ν11

119 4187 156 4237 57
174 4181 267 4250 Phyll.
285 4187 308 4234 V
326 4198 359 4236 sn.
380 4186 413 4247 2,
432 4185 468 4235 n:
488 4180 571 4234 Phill.
591 4185 610 4232 0
626 4180 725 4250 lignes
743 4185 767 4232 V
784 4196 836 4249 mp.
855 4197 889 4233 m.
911 4180 1003 4249 2158
1022 4178 1138 4250 clamat]
1153 4180 1269 4249 petebat

119 4279 156 4338 n,
174 4270 297 4325 uocabat
313 4275 336 4322 V
354 4287 405 4339 my.
425 4286 459 4325 m.
479 4275 499 4325 2
529 4272 533 4338 1
558 4285 628 4323 anus
648 4269 732 4324 Itali:
752 4285 839 4338 aquas
859 4273 877 4320 0
909 4270 919 4337 l
951 4273 984 4322 59
1017 4265 1147 4338 Lumina]
1173 4271 1267 4324 rnalim

119 4359 216 4429 Iurgia
238 4361 248 4429 11
275 4366 310 4414 00
328 4375 397 4413 uoce
416 4359 579 4414 Frateries:
597 4359 680 4413 nocte
699 4363 718 4410 0
745 4360 755 4428 11
782 4365 815 4413 61
835 4356 917 4412 Illam
935 4363 957 4409 r
977 4359 1062 4427 (Vm.
1081 4359 1111 4427 2)
1143 4359 1154 4429 11
1185 4365 1219 4415 63
1237 4361 1267 4414 in

121 4448 230 4508 exuuiis
248 4449 355 4520 gaudet
372 4448 459 4520 spuis
477 4463 571 4518 appos.
590 4452 613 4499 V
631 4463 665 4503 m.
683 4453 703 4506 2
