3004 5068
287 292 390 350 XXXII
718 289 1004 347 Pnnnnnonnnn

285 477 353 522 rem
369 456 466 540 plane
479 454 701 540 neglexerunt
723 476 801 520 nam
814 457 928 520 notum
944 455 994 516 est
1008 455 1043 517 et
1053 449 1234 516 Homerum
1248 451 1282 514 et
1291 449 1431 530 Aeschy-

284 561 352 629 lum
375 562 417 627 ab
440 561 605 627 amoribus
632 560 785 626 canendis
813 561 946 626 omnino
974 557 1179 648 abstinuisse.
1215 557 1308 622 nullo
1332 557 1431 642 igitur

286 669 322 734 in
349 690 474 753 amore,
500 669 619 734 nedum
652 667 687 734 in
713 689 847 754 magno,
878 667 1055 754 quidquam
1082 665 1131 730 illi
1153 664 1356 748 profuerunt
1394 661 1432 726 ad

244 769 246 772 ’
286 796 399 840 uerum
422 778 530 841 autem
553 775 729 840 eruendum
756 795 829 839 cnm
853 796 979 840 summo
1005 793 1101 856 opere
1124 769 1362 872 respiciendum
1385 771 1433 833 est

285 881 319 946 id
342 880 427 966 quod
449 882 596 967 priorum
619 881 791 947 conamina
821 881 941 946 euertit
963 877 1080 964 ‘lacta'‚
1102 881 1174 944 tum
1196 877 1357 961 proficisci
1381 875 1432 939 de-

286 989 399 1054 bemus
421 1011 444 1054 a
460 989 636 1072 scriptura,
659 1009 754 1072 qnam
778 1009 808 1051 u.
832 987 875 1052 29
899 984 1014 1070 optimi
1036 984 1162 1050 codices
1185 993 1214 1048 D
1237 988 1272 1048 et
1291 993 1320 1048 F
1341 1003 1431 1067 prae-

283 1095 362 1161 bent
385 1092 476 1181 (nam
489 1103 520 1159 V
543 1093 672 1160 ‘nester'
697 1116 791 1159 suum
814 1094 844 1158 ci
866 1093 921 1178 qui
939 1101 972 1158 N
994 1092 1140 1157 exaranit
1158 1087 1346 1176 persuasit).
1383 1088 1431 1152 illi

288 1206 396 1268 autem
414 1201 538 1268 ‘noster
554 1238 593 1248 -
610 1200 718 1267 senex'
743 1201 907 1268 exhibent.
942 1203 1052 1265 uatem
1069 1199 1170 1285 igitur
1187 1199 1337 1284 lyricum,
1358 1194 1432 1260 huic

286 1308 418 1373 lectioni
450 1308 478 1372 ai
508 1328 570 1372 nos
602 1306 791 1391 addicimus,
822 1309 1057 1372 commemorat
1085 1305 1289 1390 Propertius3
1324 1304 1431 1366 uatem

288 1415 427 1498 lyricum
449 1435 533 1479 nunc
557 1413 664 1479 subito
686 1413 900 1498 perspicimus
924 1436 944 1477 a
962 1412 1091 1496 Lynceo
1116 1415 1246 1477 amante
1269 1413 1304 1474 et
1326 1406 1431 1474 studia

288 1521 372 1586 seria
395 1520 517 1604 aliquid
539 1521 722 1586 remittente
745 1521 864 1587 lectum
887 1541 972 1603 esse,
993 1521 1031 1583 ut
1053 1523 1086 1583 et
1108 1519 1280 1584 uulnerum
1304 1535 1433 1582 suorum

287 1628 427 1694 lenimen
459 1631 589 1711 caperet
619 1631 664 1710 et,
697 1628 726 1692 si
758 1631 884 1711 posset,
914 1625 1108 1690 imitaretur.
1153 1647 1228 1691 cum
1259 1621 1371 1688 autem
1401 1620 1432 1686 in

288 1734 448 1818 scriptura
470 1732 614 1798 ‘crethei'
638 1734 751 1799 littera
772 1732 818 1798 ‘h'
841 1755 932 1799 more
954 1733 1052 1800 solito
1077 1729 1433 1820 (cf.11119,11)pa-

288 1863 400 1925 peram
425 1840 467 1904 sit
484 1839 619 1920 addita,
646 1862 685 1904 ex
708 1839 839 1905 ‘oretei'
868 1840 985 1905 elicere
1011 1842 1142 1924 oportet
1167 1861 1288 1904 nomen
1316 1840 1433 1922 aptum.

288 1951 321 2012 et
345 1947 395 2012 oui
417 1967 484 2012 non
510 1945 544 2010 in
566 1948 756 2012 memoriam
778 1947 833 2011 hic
859 1947 998 2011 recurrit
1020 1945 1216 2012 Ouidianum
1237 1943 1320 2010 illud
1345 1940 1434 2006 ‘Teia

289 2054 385 2120 Musa
407 2050 520 2136 senis',
548 2052 600 2118 eui
626 2075 693 2118 non
720 2051 932 2138 persuadetur
960 2053 1083 2136 optime
1111 2051 1175 2117 dici
1198 2052 1433 2116 anacreontem

288 2161 323 2224 in
341 2180 460 2245 magno
480 2159 609 2243 quidem
628 2182 737 2226 amore
754 2159 802 2225 nil
820 2158 953 2226 iuuare?
976 2158 1061 2223 unde
1080 2159 1211 2224 nstitui
1228 2179 1309 2224 uoce
1328 2151 1432 2220 ‘nunc’

289 2290 361 2331 cum
384 2266 419 2331 ui
441 2265 581 2330 iucunda
602 2266 755 2350 repetita:

400 2373 468 2438 Aut
491 2373 672 2456 quidnam
693 2373 752 2437 Tei
773 2373 833 2437 tibi
855 2375 994 2456 prosunt
1016 2373 1163 2440 carmina
1184 2370 1293 2436 lecta?

448 2477 505 2543 Nil
528 2479 621 2545 iuuat
641 2479 675 2544 in
699 2499 820 2569 magno
841 2483 954 2544 noster
975 2501 1085 2546 amore
1109 2501 1214 2549 senex.

289 2607 366 2651 nam
391 2585 547 2668 scriptum
571 2586 647 2651 olim
672 2589 743 2650 crat
770 2583 898 2668 ‘nescia
926 2586 1012 2670 quod
1039 2607 1108 2650 non
1133 2585 1328 2670 intellegens
1356 2586 1433 2649 alter

219 2761 221 2764 ,
290 2693 396 2758 scriba
424 2690 553 2756 ‘oretei'
582 2691 689 2776 legere
718 2691 781 2756 sibi
807 2690 987 2757 uidebatur.
1024 2692 1078 2756 sed
1103 2693 1256 2776 quoniam
1280 2693 1378 2758 semel
1400 2689 1433 2753 in

288 2798 445 2864 hocloco
468 2819 718 2882 commoramur,
747 2798 916 2863 ostendam
938 2820 1034 2883 quam
1058 2821 1178 2864 nouam
1201 2799 1305 2864 lucem
1330 2819 1432 2862 emen-

290 2905 377 2970 datio
401 2905 459 2970 illa
482 2904 620 2970 disticho
645 2903 792 2970 affundat
814 2905 977 2990 sequenti:

444 3010 494 3076 Tu
518 3013 621 3078 satius
644 3011 746 3078 Musis
769 3033 946 3078 memorem
969 3013 1096 3078 imitere
1119 3011 1282 3078 Philotam

502 3117 546 3182 Et
568 3139 635 3183 non
658 3117 763 3184 inflati
787 3117 913 3182 somnia
935 3115 1137 3184 Callimachi.

289 3225 342 3290 hic
365 3225 483 3290 iterum
505 3246 590 3289 nunc
613 3225 766 3290 discimus
791 3222 903 3289 ‘musis
927 3221 1115 3289 memorem'
1139 3225 1315 3310 genuinam
1336 3224 1431 3288 fuisse

289 3332 454 3416 archetypi
482 3332 664 3417 lectionem,
691 3334 851 3398 mutatam
874 3331 966 3396 illam
988 3331 1099 3395 hiatus
1122 3331 1248 3398 uitandi
1272 3352 1370 3400 causa
1392 3329 1432 3394 ab

288 3438 380 3504 Italis
403 3438 438 3504 in
461 3437 646 3507 ‘memorem
670 3436 796 3504 musis’.
833 3436 873 3502 ad
891 3437 1132 3505 Anacreontem
1150 3436 1252 3522 igitur
1274 3437 1433 3524 refugerat

290 3547 416 3610 amator
443 3548 554 3610 noster
582 3569 686 3626 serus,
715 3567 787 3612 oum
811 3567 830 3610 a
852 3543 1058 3630 philosophis
1087 3544 1154 3610 suis
1177 3545 1212 3609 in
1233 3567 1321 3610 nouo
1346 3546 1432 3610 aestu

289 3651 336 3714 nil
361 3651 473 3714 auxilii
495 3656 607 3735 posset
629 3654 747 3737 petere.
785 3673 824 3716 ex
847 3651 937 3716 cuius
961 3651 1107 3716 uersibus
1126 3649 1290 3736 Lynceum
1317 3651 1431 3718 seueris

290 3755 404 3820 studiis
428 3756 597 3822 adsuetum
626 3780 739 3823 uerum
761 3756 968 3824 commodum,
988 3759 1254 3842 uoluptatemque
1277 3779 1345 3824 non
1368 3777 1431 3824 csse

289 3863 459 3947 capturum
474 3863 667 3949 intellegens
682 3863 871 3949 Propertius
891 3885 964 3928 eum
982 3868 1020 3929 ut
1037 3865 1152 3950 poetas
1169 3863 1279 3948 potius
1298 3864 1432 3930 Alexan·

289 3968 399 4034 drinos
419 3967 481 4032 sihi
494 3969 669 4035 imitandos
685 3974 793 4036 sumat
806 3971 1006 4036 adhortatur.
1032 3973 1148 4036 notum
1164 3975 1214 4034 est
1233 3971 1320 4056 quod
1335 3994 1432 4056 quan·

289 4079 423 4162 tumque
445 4073 480 4140 in
504 4097 614 4142 amore
638 4077 847 4143 describendo
871 4077 1193 4144 discrimen'constet
1210 4077 1297 4142 inter
1314 4077 1431 4160 lyricos

290 4202 423 4267 graecos
443 4185 476 4247 et
489 4179 650 4248 Philotam
670 4181 978 4268 Callimachnmquc.
1014 4183 1075 4249 hos
1095 4184 1123 4248 si
1143 4182 1339 4267 sequebatur
1353 4180 1431 4266 Lyn·

290 4309 375 4372 oeus,
398 4310 546 4373 campum
568 4289 685 4356 habuit
702 4290 737 4354 in
756 4311 819 4375 quo
839 4290 901 4355 etsi
919 4293 1047 4356 mutato
1067 4289 1305 4376 aliquantulum
1324 4293 1429 4356 tamon

289 4397 443 4458 consueto
472 4395 567 4460 modo
595 4397 792 4480 elaborarem
821 4419 897 4462 nam
925 4397 1038 4462 limam
1064 4396 1201 4462 multam
1230 4397 1428 4482 multumque
