3004 5068
479 341 763 398 Puonnsousrin.
1083 343 1202 397 XXXIII

57 508 198 573 studium
211 506 421 592 requirebant
439 510 591 590 poemata
610 506 770 571 amatoria
788 509 857 570 arte
871 505 1090 570 Alexandrina
1103 507 1202 572 faeta.

57 615 168 698 quodsi
187 613 422 680 Anacreonteis
441 615 567 680 leuibus
586 614 781 698 Iudicrisque
800 613 944 678 carmina
962 614 1085 679 laboris
1103 614 1202 698 plena

52 723 208 809 opposuit
230 722 431 806 Propertius,
453 721 529 787 binc
553 743 634 785 ansa
656 720 734 785 data
757 723 807 785 est
826 721 867 784 ad
886 720 1083 804 expedienda
1101 723 1202 787 uerba

59 829 169 895 ‘satius
191 829 295 894 Musis
318 828 515 895 memorem'.
552 850 635 912 quae
655 829 683 893 si
702 832 772 892 arte
790 828 940 893 uolumus
958 831 1110 912 mactare,
1134 852 1201 895 om-

58 959 127 1001 nem
156 937 371 1002 mutationem
403 935 642 1000 continebimus
674 936 710 1000 in
736 935 905 1000 uocabulis
934 934 1070 1001 ‘satius'
1101 935 1201 1023 (quod

59 1049 168 1110 contra
186 1042 358 1109 Schraderi
378 1044 590 1109 offensionem
610 1042 783 1107 artificiose
803 1042 946 1108 defendit
959 1042 995 1107 L.
1010 1040 1202 1128 Muellerus)

59 1157 89 1215 et
111 1150 308 1218 ‘memorem'
333 1173 352 1215 a
375 1173 410 1216 rc
432 1152 568 1216 metrica
591 1151 720 1216 uitioso.
756 1154 789 1215 et
812 1149 875 1216 hoo
893 1149 1022 1234 quidem
1044 1151 1080 1215 in
1102 1150 1202 1215 inter-
1237 1151 1240 1157 ’

59 1260 165 1343 pelato
189 1258 330 1344 quodam
354 1257 464 1323 codice
488 1258 609 1340 optime
637 1259 737 1342 utque
765 1257 870 1323 lenior
897 1256 1022 1322 medela
1044 1256 1123 1342 fingi
1147 1278 1201 1320 ne-

61 1369 152 1449 queat
165 1367 198 1430 in
213 1364 403 1430 ‘meliorem'·
419 1368 598 1430 correctum
613 1369 677 1451 est3
700 1363 826 1429 ‘satius'
842 1368 950 1430 autem
969 1386 1008 1428 ex
1022 1362 1201 1449 ‘grauibus'

61 1473 266 1556 deprecatum
293 1475 388 1556 puto,
415 1475 452 1537 ut
476 1473 522 1536 sic
545 1472 627 1536 bene
650 1493 777 1536 currere
800 1471 881 1535 mihi
904 1493 1016 1536 uersus
1039 1471 1202 1535 uideatur:

60 1577 103 1642 ‘tu
127 1579 276 1662 prouidus
299 1577 402 1643 Musis
432 1579 598 1644 meliorem
625 1578 752 1643 imitere
775 1576 961 1660 Philetam',
984 1578 1004 1640 i.
1028 1599 1068 1661 e.,
1096 1579 1203 1660 aptior

61 1687 260 1751 Anacreonte
294 1690 344 1750 est
378 1685 538 1770 Philetas,
568 1707 663 1769 quem
694 1706 806 1750 seuera
835 1689 892 1748 tua
921 1683 1022 1748 Musa'
1046 1685 1204 1767 imitatum

61 1793 97 1856 cf.
118 1793 212 1876 Prop.
234 1791 250 1856 Ι
274 1793 305 1877 9,
328 1792 349 1856 9
373 1791 462 1877 ‘quid
484 1793 546 1857 tibi
568 1814 654 1857 nunc
676 1793 794 1857 misero
818 1791 951 1876 prodest
974 1811 1073 1877 graue
1098 1791 1202 1856 dicere

62 1899 209 1964 carmen'.
255 1899 337 1964 talia
368 1903 477 1965 autem
511 1903 716 1986 argumenta,
754 1900 788 1962 in
822 1899 938 1984 quibus
969 1920 1059 1964 more
1091 1899 1203 1964 modo·

63 2029 120 2091 que
160 2004 455 2073 Alexandrinorum
495 2028 621 2071 amores
662 2006 796 2071 tractari
839 2006 1022 2089 potuerint,
1063 2005 1199 2070 indicari

63 2135 110 2177 uu.
127 2114 257 2179 33-38
283 2136 370 2179 nnnc
394 2113 559 2178 adsentior
582 2111 813 2198 Hertzbergio,
837 2111 1084 2178 Schneidewino
1108 2111 1200 2192 [th-

62 2219 162 2305 tInger
193 2219 260 2285 Gel.
284 2221 364 2285 Ana.
392 2221 476 2286 1846
503 2244 533 2305 p.
556 2220 730 2305 975sqq.],
757 2219 863 2284 Birtio
893 2219 1114 2300 [musRhen.
1138 2219 1202 2282 1.1.

63 2348 91 2408 p.
112 2329 198 2410 413].

145 2434 189 2499 Elt
214 2435 295 2499 haee
324 2435 452 2518 quidem
481 2435 519 2498 de
548 2434 647 2499 uariis
676 2437 783 2499 textus
807 2433 1013 2518 Propertiani
1035 2432 1126 2496 uitiis
1150 2432 1203 2496 ad-

64 2542 168 2607 tulisse
193 2543 273 2606 satis
297 2546 376 2606 estc.
413 2541 547 2606 minime
571 2541 656 2605 enim
679 2541 789 2605 omnia
816 2541 869 2605 bic
897 2559 1053 2625 peragere
1077 2539 1204 2603 animus

66 2655 128 2713 erat
149 2649 271 2715 cunctis
295 2649 329 2713 in
354 2670 489 2714 examen
512 2649 637 2712 uocatis
662 2648 750 2731 loeis,
773 2649 873 2714 immo
892 2647 1004 2731 paucis
1023 2646 1202 2730 proposItis

66 2757 210 2840 exemplis
233 2756 405 2840 potissima
428 2776 547 2841 genera
570 2777 670 2840 caque
695 2754 760 2819 fere
784 2777 866 2840 quae
889 2755 996 2819 minus
1019 2753 1125 2818 adhuc
1150 2753 1204 2817 ed-

66 2867 223 2929 ucrterunt
244 2864 359 2929 doctos
382 2863 525 2927 indicare
549 2862 647 2928 uolui.

145 2971 207 3036 Est
229 2970 418 3055 Propertius
448 2992 530 3034 unus
558 2991 596 3033 ex
627 2969 673 3033 eis
703 2968 823 3053 poetis,
853 2989 989 3052 quorum
1022 2967 1205 3032 emendatio

67 3082 99 3143 ut
115 3079 233 3145 inmani
250 3079 458 3143 librariorum
477 3077 683 3161 corruptione
701 3077 748 3140 ita
767 3077 911 3160 ipsorum
930 3075 1055 3140 ratione
1075 3073 1203 3137 dicendi

68 3187 287 3270 cogitandique
316 3185 456 3249 difficilis
485 3186 529 3249 sit
556 3188 654 3268 atque
682 3184 848 3267 impedita.
889 3205 982 3248 suam
1012 3181 1101 3246 baud
1130 3203 1204 3245 raro

69 3292 205 3358 semitam
232 3292 311 3356 terit
337 3296 434 3376 poeta
460 3291 596 3376 Umber,
625 3291 700 3356 dum
729 3290 878 3374 uulgaria
905 3288 1026 3373 refugIt
1052 3309 1203 3372 nouaque

69 3402 182 3485 captat,
209 3400 331 3483 partim
359 3399 446 3464 felici
473 3420 551 3463 usus
580 3398 714 3463 audacia
741 3397 862 3481 partim
891 3397 1061 3478 obscurum
1096 3416 1206 3480 quam·

69 3525 155 3588 quam
182 3508 210 3572 si
237 3508 324 3572 bona
355 3505 488 3571 fortuna
514 3506 610 3570 nobis
637 3505 826 3570 indulsisset
853 3504 920 3567 eius
949 3502 1074 3567 codices
1105 3523 1205 3586 aeque

69 3611 161 3679 bonos
189 3637 287 3699 quam
314 3614 471 3678 habemus
496 3635 542 3678 ex.
567 3634 614 3698 gr.
637 3614 671 3677 in
701 3611 807 3676 Ouidii
836 3610 999 3694 opusculis
1029 3608 1206 3691 amatoriis,

69 3718 126 3784 iam
152 3744 218 3787 non
246 3743 453 3806 quereremur
479 3723 559 3805 puto
588 3719 625 3784 dc
653 3719 733 3784 Iocis
762 3717 918 3783 obscuris.
954 3716 989 3780 in
1011 3716 1071 3780 teli
1096 3719 1205 3780 autem
1300 3741 1303 3746 ·

69 3831 147 3912 uate,
169 3831 196 3893 si
219 3829 252 3894 in
276 3851 340 3912 quo
364 3829 437 3910 elio,
460 3827 627 3893 assiduum
650 3826 735 3890 inter
759 3845 793 3889 se
816 3827 933 3909 gerunt
959 3824 1081 3888 bellum
1109 3823 1206 3886 inter·

69 3937 165 4013 pretes
189 3936 370 4020 criticique,
398 3938 435 3999 ut
462 3939 572 3999 tamen
595 3933 725 3997 illorum
748 3931 852 3996 maior
881 3931 924 3995 stt
952 3931 1060 4015 eulpa,
1089 3930 1206 4014 quippe

70 4040 118 4120 qui
140 4042 248 4107 omnia
275 4043 338 4107 sibi
361 4041 532 4118 uideantur
555 4040 756 4124 intellegere,
780 4038 836 4122 qui
859 4037 1015 4122 exemplis
1040 4057 1135 4120 saepe
1159 4035 1208 4098 nil

71 4149 347 4231 comprobantibus
378 4152 435 4212 aut
465 4151 598 4212 externa
627 4145 850 4211 similitudinis
882 4144 987 4227 specie
1017 4141 1206 4207 fallentibus

70 4248 269 4336 inprudenter
305 4257 453 4337 utantur,
491 4254 547 4337 qui
580 4253 678 4318 etiam
711 4253 757 4318 ibi
790 4252 846 4316 ubi
878 4250 1009 4315 minime
1048 4249 1208 4334 quadrant

72 4356 192 4425 dilectas
213 4361 277 4426 sibi
294 4361 416 4446 figuras
436 4361 579 4444 poeticas
598 4359 817 4444 formulasque
836 4357 1066 4444 grammaticas
1089 4358 1125 4421 in
1142 4379 1207 4422 me·

72 4463 149 4532 dium
171 4469 340 4554 proferant
361 4467 570 4551 nescientque
591 4489 650 4530 suo
669 4486 930 4550 unumquemque
949 4463 1058 4528 locum
1076 4464 1207 4529 modulo

118 4581 274 4624 Pnornnrrue.
980 4586 995 4624 0
