3052 5044
457 343 650 402 Puopuarss
669 345 737 401 LIB.
757 346 804 402 111.
827 355 849 403 1.

129 507 284 591 ramula,
307 506 424 591 Roma,
447 511 521 572 tuas
543 507 654 574 laudea
678 509 849 574 annalibus
874 509 1005 594 addent,

218 613 282 689 Qui
305 614 402 680 finem
425 613 552 698 imperii
574 613 695 680 Baetra
716 615 827 680 futura
850 619 983 681 canent:

174 717 250 805 Sed,
274 720 359 805 quod
382 742 461 804 paee
484 720 575 806 legas
582 772 590 805 ,
615 742 696 804 opus
719 722 780 788 hoo
804 722 976 788 demente
1000 745 1147 789 sororum

218 827 344 892 Detulit
366 828 489 892 intaeta
512 825 633 913 pagina
655 831 768 892 nostra
791 827 853 893 uia.

173 933 300 1020 Mollia,
322 934 509 1020 Pegasides,
533 935 607 1000 date
631 937 739 1002 uestro
765 939 851 1002 sarta
873 941 1005 1020 poetae:

128 1057 165 1106 20
218 1039 294 1107 Non
317 1041 416 1107 faeiet
438 1041 538 1124 rapiti
561 1040 642 1106 dura
664 1062 784 1107 corona
806 1064 888 1108 meo.

174 1145 221 1212 At
243 1148 324 1213 mibi
347 1148 433 1232 quod
455 1147 532 1212 uiuo
555 1147 732 1213 detraxerit
755 1149 865 1214 inuida
887 1149 997 1230 turba,

218 1253 299 1320 Post
321 1256 447 1321 obitum
470 1253 591 1337 duplici
614 1253 725 1318 fenore
747 1254 861 1318 reddet
883 1254 1006 1322 Honos.

174 1361 292 1428 Omnia
314 1365 391 1447 post
413 1361 539 1426 obitum
561 1359 658 1445 fingit
681 1361 805 1426 maiora
826 1365 988 1429 uetustae:

219 1467 323 1533 Maius
348 1468 389 1533 ab
413 1467 557 1552 exequiis
580 1487 700 1531 nomen
723 1467 758 1530 in
782 1489 839 1532 ora
862 1469 961 1533 uenit.
1047 1481 1050 1488 '

128 1576 259 1642 aaNam
283 1575 355 1660 quia
379 1596 460 1659 equo
484 1573 596 1657 pulsas
620 1571 760 1657 abiegno
783 1577 932 1638 nosceret
955 1597 1061 1661 areae,

218 1681 431 1765 Fluminaque
454 1678 635 1745 Haemonio
659 1679 838 1744 comminus
862 1680 927 1745 isse
951 1681 1020 1747 uiro

172 1789 306 1855 Idaeum
330 1786 499 1852 Simoenta
521 1785 609 1852 Iouis
632 1809 706 1852 eum
728 1787 822 1871 prole
845 1785 1060 1874 Scamandro,

218 1894 360 1960 Hectora
382 1914 441 1978 per
463 1914 595 1977 campos
618 1895 669 1957 ter
692 1894 872 1960 maculosae
894 1896 1011 1961 rotas?

174 2000 442 2085 Deiphobumque
460 1998 683 2084 Helenumque
702 2005 737 2065 et
754 2000 990 2084 Polydamanta
1009 2004 1094 2068 etin
1113 2004 1212 2070 armis

129 2127 163 2174 30
219 2108 490 2192 Qualemeumque
513 2104 622 2171 Parim
644 2106 700 2170 uix
723 2129 782 2172 aua
804 2111 917 2172 nosset
939 2107 1068 2176 humus.

172 2215 302 2299 Exiguo
326 2234 474 2279 sermone
497 2212 584 2278 foras
606 2235 706 2292 nuno,
730 2212 816 2278 Ilion
839 2217 872 2277 et
894 2217 930 2278 tu

218 2321 316 2386 Troia
339 2321 389 2384 bis
414 2318 525 2384 Oetaei
549 2319 680 2384 numine
703 2321 800 2403 eapte
823 2321 882 2384 dei.

173 2429 243 2494 Nec
264 2450 332 2493 non
353 2427 408 2491 ille
430 2427 478 2492 tui
502 2448 595 2492 casua
619 2429 817 2492 memorator
839 2426 1000 2493 Homerus

219 2535 415 2601 Posteritate
439 2555 532 2598 auum
556 2554 698 2598 creseere
722 2534 824 2598 sensit
848 2556 938 2619 opua

130 2659 164 2708 35
174 2643 227 2707 Me
251 2664 377 2728 quoque
400 2663 458 2726 per
481 2662 570 2704 aeros
593 2639 740 2705 laudabit
762 2639 868 2705 Roma
891 2645 1041 2724 nepotes:

218 2749 316 2814 Illum
339 2752 415 2833 post
438 2748 560 2812 eineres
583 2768 726 2832 auguror
748 2748 819 2830 ipae
842 2746 935 2811 diem.

158 3031 226 3084 Vna.
246 3051 320 3086 nucr.
360 3038 391 3085 16
410 3032 506 3085 battra
523 3036 543 3082 F
559 3033 564 3099 1
580 3031 683 3085 canant
700 3045 716 3088 ς
735 3031 745 3098 ΙΙ
765 3034 797 3083 17
817 3029 851 3084 de
869 3028 947 3084 fonte
967 3031 1006 3098 ςΙΙ
1022 3036 1053 3084 19
1072 3033 1168 3087 nostro
1187 3038 1207 3085 12
1230 3040 1232 3099 ζ

79 3123 180 3176 uestro
199 3121 265 3175 date
284 3124 306 3173 V
324 3138 358 3176 m.
379 3126 394 3173 2
409 3121 418 3190 ΙΙ
437 3126 470 3174 21
491 3118 613 3173 detraxit
631 3124 651 3171 F
671 3118 831 3174 detraxerat
848 3121 871 3169 V
889 3135 923 3172 m.
943 3124 962 3174 2
979 3120 983 3188 Ι
999 3118 1113 3176 inuidaa
1131 3127 1155 3174 N
1172 3125 1182 3192 ΙΙ
1200 3129 1232 3177 22

79 3209 208 3280 duplioei
226 3214 249 3261 11
265 3211 269 3278 1
286 3209 399 3264 foenore
417 3217 439 3261 0
453 3212 476 3260 V
492 3213 496 3276 1
512 3208 611 3263 reddet
624 3213 645 3258 V
664 3225 697 3261 m.
717 3211 750 3275 2,
769 3213 791 3258 V
805 3225 839 3260 m.
854 3212 888 3263 2:
907 3207 1000 3262 reddit
1015 3212 1033 3259 0
1054 3208 1102 3278 (Ut
1116 3209 1187 3263 mihi
1200 3242 1232 3249 -

80 3299 187 3354 reddat
206 3297 405 3366 Marklaudua)
422 3299 426 3365 )
442 3298 530 3352 honos
549 3312 578 3354 ςε
598 3313 667 3351 onua
687 3297 730 3365 0))
750 3302 783 3350 23
804 3295 905 3350 Omnia
924 3300 955 3349 0:
976 3297 1062 3350 Fame
1080 3301 1104 3348 V
1120 3298 1124 3364 Ι
1140 3298 1235 3364 {obi-

80 3391 146 3443 tum
165 3391 187 3436 V
203 3391 208 3454 Ι
223 3387 351 3440 uetustae
370 3390 395 3436 a
407 3388 417 3454 Ι)
430 3391 465 3440 24
483 3386 553 3441 hora
571 3387 662 3454 21125
682 3384 718 3439 ob
738 3388 862 3454 regnoV
882 3386 962 3453 (corr.
977 3402 1028 3455 my.
1044 3403 1077 3440 m.
1092 3387 1122 3454 2)
1139 3387 1143 3453 Ι
1160 3387 1234 3440 artes

82 3483 118 3545 0,
138 3492 207 3530 corr.
228 3490 244 3532 ς
266 3476 276 3543 ΙΙ
299 3481 333 3530 26
351 3474 565 3542 Flumineam}¹
590 3479 594 3542 Ι
619 3473 751 3528 hemonio
769 3477 840 3526 Vll:
860 3473 971 3528 emonio
990 3477 1049 3525 DV
1068 3477 1131 3546 (ern.
1151 3475 1234 3530 haiae

80 3585 119 3620 m.
130 3568 161 3633 2)
174 3565 177 3636 )
189 3564 314 3620 eominus
325 3567 354 3630 0,
368 3565 512 3617 coravm.
524 3567 543 3618 2
556 3563 559 3632 l
571 3561 626 3616 iaae
639 3559 702 3616 uiro
716 3565 739 3613 V
753 3563 788 3630 (et
801 3566 822 3612 V
837 3578 888 3630 my.
903 3579 937 3617 m.
952 3565 996 3631 2):
1016 3578 1076 3616 ease
1095 3562 1156 3618 uiro
1174 3570 1196 3615 n
1211 3569 1234 3616 11

81 3654 135 3709 ille
154 3668 217 3708 raro
236 3658 256 3704 r
278 3654 289 3722 Ι)
311 3657 345 3705 27
370 3649 526 3721 Simoenta]
545 3655 567 3701 r
584 3667 636 3720 my.
655 3667 689 3704 m.
708 3654 729 3704 2
747 3652 760 3702 l
779 3649 919 3706 eimeunta
947 3653 952 3719 l
981 3649 1055 3705 Iouis
1074 3668 1136 3706 eum
1155 3651 1234 3721 prole

82 3741 257 3797 Scamandro
277 3740 421 3795 Goetauus
445 3739 573 3806 Wolffiaa
599 3739 734 3807 (Hauptia'
757 3755 847 3807 opaea.
867 3738 892 3793 II
911 3740 968 3808 tote
996 3739 1069 3796 iouia
1097 3742 1236 3797 eunabula

82 3827 170 3900 parui
188 3834 206 3881 0
226 3829 298 3884 iouia
317 3828 423 3882 omissis
442 3829 535 3882 reterre
552 3830 647 3899 101120
666 3826 900 3897 Deiphobumque
918 3832 991 3896 Μ
1009 3847 1043 3883 m.
1063 3836 1096 3886 22
1117 3829 1235 3902 Deipbe-

82 3921 180 3986 bumq3
200 3922 309 3988 rm
327 3935 361 3974 m.
381 3923 396 3970 1
414 3920 418 3984 Ι
434 3917 495 3987 puli
514 3919 541 3986 (o
559 3933 646 3985 auara
664 3935 683 3970 u
699 3935 733 3972 m.
748 3922 778 3984 2)
802 3916 957 3987 ledamatea
975 3915 1005 3972 in
1023 3920 1108 3974 annia
1126 3926 1146 3972 r
1165 3921 1235 3990 poli·

84 4008 260 4064 ledamantea
278 4005 308 4062 in
327 4007 411 4061 armis
429 4012 453 4059 N
472 4005 531 4076 poli
544 4006 691 4074 ydamatee
709 4005 739 4060 in
758 4005 843 4061 armis
862 4013 884 4059 0
903 4007 1135 4077 pvl{ydamatae
1155 4011 1183 4076 (v
1202 4025 1235 4064 ea

84 4114 209 4172 coram.
228 4099 258 4166 2)
277 4096 410 4150 inarmis
429 4099 464 4164 V,
483 4112 551 4150 corr.
572 4095 780 4162 Locdmoaaam
805 4095 1009 4164 Polydamanta
1028 4098 1079 4151 sub
1098 4096 1183 4150 armis
1203 4114 1232 4164 ς;

84 4188 201 4253 fueruat
219 4186 267 4255 qui
284 4185 382 4254 Pulyd.
401 4184 519 4251 sormam
533 4185 706 4253 praeferrent
731 4185 741 4254 l
764 4190 797 4238 30
816 4185 908 4254 parim
927 4189 959 4238 0:
978 4193 1041 4254 pari
1060 4190 1084 4238 n
1108 4188 1112 4254 Ι
1137 4190 1235 4241 noeoet

85 4285 107 4331 0
122 4281 146 4329 V
165 4278 206 4346 (ia
223 4276 273 4330 hoe
291 4291 359 4329 corr.
379 4291 413 4328 m.
433 4276 465 4343 2)
492 4276 501 4342 ΙΙ
528 4279 560 4328 31
581 4290 637 4328 non
656 4273 742 4329 eilion
760 4279 784 4326 Ν
808 4275 812 4341 Ι
837 4273 915 4341 ylion
933 4279 953 4326 1²
981 4276 990 4344 ΙΙ
1017 4280 1050 4328 32
1070 4276 1131 4329 oete
1151 4274 1234 4344 (eetei

86 4382 120 4422 m.
140 4365 171 4432 2)
190 4369 211 4415 r
230 4366 294 4419 oete
312 4363 342 4416 in
359 4368 383 4415 V
399 4365 403 4430 Ι
419 4363 534 4416 numina
551 4367 572 4414 F
590 4379 624 4418 m.
644 4364 684 4432 1))
698 4369 731 4417 33
751 4364 920 4418 memoratur
938 4368 961 4415 V
979 4364 989 4433 u
1007 4368 1041 4418 35
1060 4363 1105 4417 Me
1124 4380 1235 4432 quoque
1320 4381 1323 4390 ¹

87 4469 137 4523 per
155 4468 231 4506 aeros
249 4453 359 4521 rorabat:
378 4453 479 4521 Meque
497 4451 570 4506 inter
589 4468 664 4506 aerea
684 4454 774 4522 0))36
794 4467 891 4520 augur.
907 4491 935 4506 ..
955 4451 1015 4521 ipae
1034 4452 1104 4507 deae
1121 4457 1145 4505 a
