3004 5068
538 305 824 363 Pacuuoouunn.
1204 309 1257 364 Vll

93 489 197 552 num,
228 469 297 532 sine
326 469 423 534 dubio
450 469 502 534 uel
530 472 663 536 externo
693 471 861 536 amborum
890 470 1004 536 habitu
1034 471 1075 536 ad
1101 471 1256 536 iudicium

97 575 239 658 penitus
267 575 457 642 mutandum
485 576 578 641 facile
606 577 720 642 adduci
750 599 785 642 se
809 599 924 662 passus
947 577 1061 661 procul
1085 579 1255 644 abiecisset

97 680 365 768 Groninganum‚
386 683 590 747 exosculatus
609 686 695 747 esset
712 682 993 749 Daueutrienscm
1029 688 1081 749 est
1097 685 1184 749 enim
1202 685 1256 751 hic

94 809 187 852 unus
223 810 261 852 ex
293 787 426 872 optimis
458 787 623 854 codicibus
650 787 871 873 Propertianis
899 788 1078 874 dignusque
1103 791 1158 874 qui
1184 794 1254 856 tan·

94 894 178 958 dem
203 915 261 958 suo
285 892 438 959 reddatur
460 895 585 959 honori.
632 899 796 961 erectore
820 897 984 980 gymnasii
1005 897 1254 964 Dauentriensis

95 999 140 1064 A.
170 999 196 1064 I.
220 999 387 1086 Vitriuga,
419 1001 474 1085 qui
504 1005 619 1086 postea
648 1001 715 1066 tres
744 1003 833 1068 locos
863 1003 979 1068 itemm
1010 1003 1144 1070 comiter
1173 1005 1253 1070 mihi

97 1107 316 1192 examinarit,
339 1107 402 1172 huc
425 1108 652 1174 transmissum
675 1109 745 1193 ipse
769 1131 796 1173 a.
822 1109 906 1174 1878
930 1111 1065 1176 excussi.

197 1211 248 1276 Ex
279 1202 391 1278 eodem
418 1214 521 1300 igitur
549 1215 669 1280 saeculi
692 1213 771 1279 XIV
799 1215 974 1300 exemplari
1000 1216 1138 1301 profecti
1164 1228 1193 1282 D
1221 1223 1254 1283 et

92 1330 128 1384 V
153 1319 321 1403 propriam
345 1320 549 1384 constituunt
576 1319 749 1406 familiam,
776 1341 857 1404 quae
880 1321 981 1404 priori
1003 1322 1051 1387 illi
1074 1321 1119 1410 (A
1140 1323 1182 1410 F)
1206 1324 1253 1390 ita

92 1447 137 1490 ex
163 1425 327 1490 contrario
355 1428 405 1490 cst
432 1426 585 1510 opposita
612 1429 649 1490 ut
676 1430 787 1491 tamen
815 1427 931 1491 ambae
960 1447 998 1492 ex
1030 1451 1094 1494 uno
1119 1433 1252 1514 parente

92 1533 169 1597 sint
191 1535 390 1616 procreatae.
435 1531 589 1597 nimirum
611 1533 764 1618 quidquid
793 1533 828 1597 in
858 1535 969 1599 multis
998 1536 1166 1619 scripturis
1190 1536 1253 1600 dis-

92 1639 258 1722 sentiunt,
288 1638 323 1702 in
352 1637 503 1703 omnibus
532 1642 643 1704 tamen
671 1639 767 1704 rebus
791 1639 994 1724 grauioribus
1018 1642 1155 1708 fideliter
1178 1665 1252 1709 oon-

92 1744 238 1810 cordant
252 1745 516 1830 conspirantquc3
542 1750 680 1830 suntque
703 1745 939 1830 discrepantiae
956 1747 1039 1812 tales
1059 1750 1169 1832 quales
1189 1750 1252 1814 cxi-

95 1855 189 1916 stere
204 1852 310 1917 solent
323 1851 379 1916 ubi
393 1851 477 1916 idem
492 1851 575 1916 liber
591 1874 610 1916 a
625 1852 751 1916 duobus
766 1852 911 1918 diuersae
925 1852 1045 1920 indolis
1065 1855 1251 1922 hominibus

94 1960 309 2025 describitur.

190 2065 241 2130 Ex
267 2065 320 2129 his
346 2068 500 2150 quattuor
530 2064 695 2130 codicibus
717 2067 802 2130 recte
827 2064 981 2130 adhibitis
1006 2063 1145 2152 (seilicet
1167 2067 1201 2130 iu
1224 2078 1251 2133 F

93 2177 129 2239 et
153 2182 187 2238 V
209 2194 386 2256 numquam
409 2194 429 2237 a
451 2171 558 2255 prima
581 2192 680 2237 manu
708 2168 853 2257 recedas)
881 2175 1029 2236 uetustus
1059 2173 1251 2258 archetypus

90 2278 369 2364 redintegrandus
397 2287 455 2343 est.
500 2278 616 2364 ingena
645 2281 753 2343 autem
786 2278 940 2342 uitiorum
967 2277 1159 2361 multitudo,
1188 2301 1252 2364 qua

94 2387 148 2451 illi
183 2386 351 2470 laborant,
389 2405 460 2450 eum
493 2405 560 2448 non
598 2383 726 2470 fugeret
758 2383 870 2449 doctos
903 2384 1022 2449 saeculi
1050 2383 1112 2449 XV
1143 2383 1253 2470 Italos,

93 2479 279 2557 extiterunt
297 2493 352 2576 qui
371 2491 486 2556 tollere
510 2493 663 2574 corrupta
687 2494 720 2556 et
741 2511 939 2577 perpurgare
962 2493 1087 2556 textum
1111 2493 1250 2578 suscipe·

92 2603 185 2684 rent5
208 2599 304 2684 idque
327 2597 452 2663 duobus
471 2596 577 2662 modis
597 2601 647 2662 est
669 2597 800 2664 factum.
838 2618 914 2662 nam
937 2600 971 2662 et
994 2598 1159 2663 accersitis
1178 2600 1251 2665 aliis

95 2706 195 2770 libris
220 2727 316 2770 suum
339 2703 476 2790 quisque
500 2704 641 2769 codicem
669 2704 884 2769 emendabant
907 2708 955 2788 et,
979 2704 1036 2769 ubi
1055 2705 1104 2768 illi
1122 2726 1249 2790 quoque

94 2813 295 2895 defecerunt,
314 2811 355 2875 ab
375 2811 506 2894 ingenio
524 2811 731 2895 requirebant
750 2810 916 2875 auxilium.
948 2810 995 2874 sio
1014 2832 1129 2875 manus
1148 2811 1251 2875 altera

93 2925 129 2985 ct
152 2921 190 2984 in
210 2929 238 2983 1¹
260 2917 403 2983 familiae
421 2927 450 2981 D
464 2926 496 2980 V
513 2917 669 2982 lectiones
694 2920 727 2981 et
749 2917 784 2980 in
802 2927 834 2981 V
853 2938 908 2981 eas
928 2937 1010 3001 quae
1027 2916 1118 3000 prior
1136 2917 1249 2982 classis

92 3026 248 3110 proprias
270 3024 372 3090 habet
393 3023 520 3109 intulit3
543 3027 775 3107 praetereaque
799 3025 832 3086 et
854 3023 888 3086 in
910 3033 938 3087 F
962 3024 995 3085 et
1016 3022 1051 3086 in
1072 3033 1104 3087 V
1127 3025 1250 3090 multae

93 3133 235 3199 alterius
258 3151 375 3194 manus
399 3129 577 3215 scripturae
599 3129 771 3212 habentur,
794 3148 876 3212 quae
900 3149 939 3191 ex
958 3150 1047 3193 mera
1066 3130 1250 3196 coniectura

93 3243 129 3304 et
159 3241 285 3302 temera
318 3235 571 3320 interpolatione
605 3237 681 3300 sunt
713 3234 887 3320 proiectae.
934 3235 1018 3318 quod
1050 3235 1133 3299 nulli
1165 3237 1250 3301 foret

92 3347 227 3420 damno,
251 3341 280 3404 si
302 3340 427 3405 librarii
450 3341 657 3424 insequentes
679 3341 740 3405 has
762 3361 877 3405 manus
897 3341 1029 3405 alterius
1049 3346 1248 3408 correcturas

93 3455 130 3518 et
158 3449 223 3533 ipsi
250 3447 284 3512 in
311 3469 471 3512 nouorum
500 3446 733 3531 exemplarium
768 3447 970 3533 marginibus
997 3453 1249 3536 propagassent3

94 3558 154 3624 sed
183 3577 238 3620 eas
265 3554 299 3617 in
326 3552 434 3637 ipsum
461 3555 586 3619 textum
614 3553 805 3637 recipientes
834 3556 867 3618 et
896 3553 976 3617 duas
1005 3553 1146 3618 familias
1175 3576 1248 3619 con-

93 3663 277 3729 fundebant
302 3659 603 3744 permiscebantque
634 3661 667 3724 et
696 3659 871 3746 genuinam
900 3658 1096 3744 scripturam
1126 3659 1250 3725 dabant

94 3767 264 3836 obliuioni.
301 3766 377 3830 hinc
400 3765 470 3830 nati
496 3768 573 3830 sunt
598 3765 725 3830 codices
747 3765 948 3849 interpolati,
971 3765 1143 3850 dequibus
1163 3789 1249 3832 nune

95 3875 261 3963 agendum
284 3878 344 3938 est.
381 3873 497 3937 horum
522 3875 631 3937 autem
655 3892 772 3957 agmen
794 3871 895 3938 ducit:

187 3991 219 4047 N
247 4011 289 4033 =
317 3979 416 4046 codex
456 3979 535 4044 olim
567 3977 818 4063 Neapolitanus,
856 4001 941 4045 nunc
974 3979 1248 4064 Guelferbytanus

95 4089 250 4173 [Gudiam
265 4088 355 4170 224]‚
379 4086 523 4170 membr,
545 4085 669 4151 formae
689 4089 824 4153 octauae
842 4087 985 4172 maioris,
1006 4087 1094 4151 foliis
1116 4087 1155 4149 71
1176 4087 1249 4151 sola

94 4194 260 4278 Propertii
288 4192 433 4258 earmina
456 4193 628 4275 praebens,
657 4193 691 4256 in
714 4192 821 4257 fronte
844 4193 940 4257 titulo
964 4195 997 4255 et
1018 4214 1114 4275 porro
1139 4192 1246 4278 singu-

94 4306 205 4370 lorum
227 4299 385 4364 librorum
409 4297 651 4383 carminumque
674 4298 940 4382 inscriptionibus
959 4320 1071 4363 carens
1090 4319 1130 4363 ue
1148 4299 1247 4365 inter·

96 4407 198 4475 uallis
224 4403 352 4490 quidem
375 4404 506 4484 relictis,
529 4408 566 4468 ut
588 4408 697 4470 tamen
716 4404 833 4469 litteris
852 4405 1032 4472 initialibus
1051 4406 1109 4470 ubi
1126 4428 1247 4472 nouum
