3046 5032
484 301 682 357 PROPERTII
700 302 766 356 hlB.
787 303 834 360 IlI.
854 309 896 358 24.

246 463 327 530 Oum
352 463 413 528 tibi
436 463 603 549 quaesitus
627 465 748 530 candor
770 465 805 530 in
828 487 884 530 ora
908 465 1000 531 foret.

202 571 292 648 Quae
316 570 396 634 mihi
419 593 486 636 non
507 572 607 656 patrii
629 575 783 656 poterant
805 575 948 636 auertere
972 573 1081 658 amici,

171 697 188 745 0
241 677 359 744 Eluere
385 680 442 742 aut
463 681 558 744 uasto
582 677 741 744 Thessala
765 699 844 764 saga
867 680 964 763 mari,

197 785 287 851 Haec
310 804 385 869 ego,
407 807 474 850 non
497 783 582 852 ferro
606 809 672 852 non
695 786 771 872 igne
795 789 925 852 coactus
949 790 982 851 et
1004 787 1073 871 ipse

241 891 426 977 Naufragus
450 892 594 978 Aegaea,
617 913 695 958 uera
718 893 859 977 fatebor,
883 913 980 976 aqua:

197 997 372 1083 Correptus
396 1021 493 1066 saeuo
517 998 655 1078 Veneris
677 1001 826 1066 torrebar
849 999 967 1085 aheno,

241 1105 379 1171 Vinctus
404 1128 492 1170 eram
515 1127 627 1171 uersas
651 1107 685 1171 in
709 1129 782 1172 mea
804 1110 898 1192 terga
920 1129 1044 1172 manus.

152 1211 280 1276 rsEcce
304 1216 478 1277 coronatae
500 1216 632 1297 portum
654 1214 791 1299 tetigere
815 1213 959 1297 carinae,

241 1318 405 1385 ihaiectae
430 1317 554 1404 Syrtes,
578 1341 696 1386 ancora
719 1320 805 1386 iacta
828 1320 908 1385 mihi
931 1324 990 1386 est.

194 1424 291 1491 Nunc
316 1425 445 1491 demum
468 1429 561 1492 uasto
586 1427 664 1492 fessi
687 1427 906 1511 resipiscimus
931 1430 1035 1511 aestu,

239 1531 448 1618 Vulneraque
472 1534 513 1598 ad
537 1556 651 1599 sanum
675 1555 761 1599 nunc
784 1533 888 1599 coiere
911 1555 993 1598 mea.

193 1637 287 1705 Mens
311 1639 410 1724 bona,
434 1640 461 1705 si
485 1663 549 1726 qua
571 1642 631 1706 dea
653 1663 704 1726 es,
726 1644 784 1706 tua
807 1662 858 1705 me
881 1641 915 1704 in
939 1642 1081 1706 sacraria
1103 1641 1202 1707 dono:

124 1765 183 1836 *20
238 1746 438 1811 Exciderunt
462 1747 560 1812 surdo
584 1751 634 1813 tot
657 1769 731 1812 mea
753 1750 831 1813 uota
854 1747 935 1812 Ioui.

193 1853 291 1918 Risus
314 1875 403 1918 eram
425 1853 541 1938 positis
564 1854 650 1918 inter
673 1853 823 1919 conuiuia
846 1853 980 1938 mensis,

237 1958 283 2024 Et
307 1960 345 2024 de
369 1982 419 2024 me
442 1963 574 2044 poterat
597 1961 733 2046 quilibet
756 1983 827 2026 esse
850 1961 978 2045 loquax.

193 2067 340 2151 Quinque
361 2067 424 2132 tibi
446 2068 538 2151 potui
562 2066 683 2132 seruire
706 2066 844 2131 fideliter
867 2089 983 2132 annos:

143 2229 145 2232 .
239 2173 357 2259 Ungue
375 2194 481 2237 meam
504 2194 612 2238 morso
637 2193 733 2257 saepe
756 2194 888 2258 querere
911 2173 1015 2238 fidem.

148 2296 182 2345 25
192 2278 251 2344 Nil
274 2300 408 2344 moneor
430 2279 587 2344 lacrimis:
611 2281 675 2344 ista
698 2301 770 2344 sum
794 2283 906 2346 cautus
930 2280 972 2344 ab
997 2285 1079 2347 arte:

239 2385 372 2469 Semper
395 2385 436 2449 ad
458 2385 611 2469 insidias,
636 2383 792 2476 Cynthia,
813 2385 890 2450 flere
913 2386 1009 2452 soles.

193 2492 294 2557 Flebo
319 2511 380 2575 ego
404 2491 584 2577 discedens,
610 2491 666 2556 sed
688 2491 800 2557 fletum
823 2491 943 2557 iniuria
965 2495 1086 2559 uincet:

237 2597 286 2663 Tu
309 2596 390 2662 bene
414 2598 607 2663 conueniens
631 2620 697 2663 non
721 2598 800 2662 sinis
825 2620 894 2662 esse
918 2598 1038 2683 iugum.

192 2705 321 2769 Limina
343 2704 409 2768 iam
432 2705 552 2769 nostris
576 2705 709 2770 ualeant
731 2705 935 2770 lacrimantia
958 2707 1079 2786 uerbis,

147 2829 182 2878 30
237 2808 306 2875 Νο0
328 2814 439 2876 tamen
461 2812 546 2876 irata
568 2812 668 2876 ianua
690 2811 796 2878 fracta
819 2833 927 2876 manu.

173 3004 243 3060 Vna.
262 3022 336 3058 anor.
375 3010 391 3058 9
411 3003 487 3071 Quae
507 3003 643 3076 Gapetus:
663 3004 742 3071 Quod
761 3010 780 3057 0
797 3006 802 3074 1
817 3005 971 3074 potuerunt
987 3010 1021 3074 1²,
1040 3023 1090 3076 mp.
1110 3024 1144 3062 m.
1163 3012 1184 3064 2
1201 3027 1251 3079 po.

98 3095 178 3149 terat
191 3095 201 3162 ΙΙ
215 3099 249 3148 10
267 3092 369 3148 Elnere
387 3097 446 3145 nv
465 3097 496 3160 (r
514 3110 548 3149 m.
563 3094 609 3161 2):
627 3093 727 3148 Pluere
740 3098 794 3145 Π
810 3092 814 3164 Ι
830 3093 933 3148 tessala
950 3095 995 3163 1?ss
1010 3099 1041 3148 11
1061 3095 1120 3164 ipse
1138 3099 1250 3166 compsi:

98 3185 166 3253 ipsa
184 3185 274 3252 ⁰l12
295 3198 365 3251 egea
382 3189 403 3235 r
419 3185 423 3247 Ι
438 3199 506 3238 nera
526 3183 715 3237 Passeratius:
734 3182 823 3237 uerba
842 3186 861 3233 0
878 3182 881 3250 Ι
897 3181 1009 3237 fatebor
1028 3188 1059 3237 0:
1079 3185 1189 3240 fatebar
1207 3201 1224 3244 ς
1242 3187 1251 3257 Η

101 3279 136 3326 13
156 3287 239 3326 00000
257 3274 281 3321 v
298 3286 333 3326 m.
351 3275 368 3324 1
386 3271 389 3338 l
405 3270 531 3325 terrebor
549 3274 604 3322 DV
619 3271 624 3340 Ι
640 3275 745 3325 aanor
759 3272 805 3340 1011
820 3275 854 3323 14
868 3269 966 3325 Victus
979 3276 1034 3322 H
1048 3271 1058 3340 ss
1072 3277 1105 3326 15
1119 3272 1250 3346 tetigere]

99 3361 187 3429 religo
205 3365 239 3414 1².
258 3375 326 3414 corr.
346 3375 398 3429 mp.
416 3376 451 3413 m.
470 3364 490 3415 2
504 3359 514 3428 ΙΙ
530 3364 561 3412 16
582 3358 662 3412 sirtes
680 3364 702 3410 r
716 3364 740 3411 10
756 3361 760 3428 Ι
776 3358 899 3413 anchora
911 3364 933 3410 0
943 3362 967 3409 v
980 3359 989 3427 ΙΙ
1005 3363 1037 3413 17
1051 3361 1251 3429 requiescimus
1300 3380 1301 3383 ¹

101 3449 245 3505 Francius
258 3448 268 3517 ll
282 3453 316 3501 18
334 3447 459 3501 Vulnera
477 3449 505 3502 et
522 3449 566 3518 ῈΙΙ
582 3453 613 3503 19
632 3447 707 3502 bona
725 3450 754 3517 et
772 3448 795 3502 si
812 3453 833 3499 1²
850 3449 853 3517 Ι
870 3446 924 3501 dea
945 3463 974 3500 es
994 3449 1078 3503 Itali:
1098 3448 1151 3503 deo
1170 3450 1212 3503 est
1230 3454 1264 3501 0Ι

100 3539 196 3608 (domo
214 3540 238 3587 V
255 3552 307 3606 rap.
326 3553 359 3592 m.
379 3536 410 3604 2)
444 3537 448 3603 Ι
482 3534 524 3606 in]
547 3534 601 3590 tibi
618 3541 653 3605 r,
677 3552 745 3592 corr.
765 3553 799 3592 m.
818 3542 838 3591 2
876 3537 879 3605 Ι
914 3535 1003 3591 condo
1022 3537 1157 3592 1100000000
1175 3556 1250 3606 pono

102 3626 290 3682 Morkloadaa
302 3626 312 3693 ΙΙ
326 3629 360 3677 20
379 3622 549 3678 Exciderunt
568 3638 596 3682 5:
616 3624 787 3679 Exciderant
805 3629 824 3676 0
844 3623 935 3694 (Exid.
953 3630 975 3676 r
993 3627 1070 3694 m.1)
1089 3625 1251 3681 Excidcrint

100 3716 249 3771 Iiciaeias
262 3715 272 3783 ΙΙ
286 3719 319 3767 21
338 3729 393 3782 sqq.
412 3713 553 3767 cohaereat
568 3714 711 3782 prioritas
729 3715 761 3768 ia
779 3719 812 3782 0,
831 3714 973 3782 separauit
990 3717 1013 3764 V
1031 3731 1065 3768 m.
1080 3720 1100 3770 2
1118 3715 1168 3782 (ad
1186 3733 1249 3784 cyn-

100 3805 192 3860 thiam
211 3805 287 3872 010),
305 3809 330 3857 et
348 3803 412 3857 hiae
429 3818 505 3858 acuo
523 3803 609 3872 alapia
626 3803 726 3872 incipit
744 3804 775 3857 io
793 3807 817 3854 ll
835 3802 895 3872 {121
915 3801 996 3856 Visus
1016 3801 1050 3872 (V
1075 3819 1109 3858 cc
1127 3804 1152 3857 R
1170 3807 1250 3875 corr.)

101 3897 195 3964 111Ιο5
214 3891 319 3947 morior
336 3896 357 3942 1²
375 3908 409 3948 m.
428 3892 583 3960 11000000
601 3891 814 3946 Heimrcichias:
834 3894 933 3961 captus
952 3896 971 3943 0
995 3893 1004 3962 ΙΙ
1027 3898 1060 3946 26
1081 3893 1116 3946 00
1135 3892 1250 3948 insidias

101 3984 213 4052 scripsi:
233 3981 268 4036 ab
288 3979 397 4034 insidiis
417 3979 484 4034 oin
502 3979 612 4034 insidiis
632 3981 815 4035 Burmannus
830 3983 835 4050 1
851 3980 923 4035 ferra
941 3986 975 4050 1²,
995 3997 1064 4035 corr.
1083 3997 1134 4050 my.
1154 3998 1188 4035 m.
1207 3981 1248 4053 21

103 4074 191 4128 solem
210 4072 232 4140 (t
250 4086 338 4138 supro
355 4087 383 4122 m
402 4086 436 4124 m.
455 4072 486 4138 2)
505 4074 526 4120 1²
548 4071 558 4139 ΙΙ
581 4075 614 4123 27
634 4070 730 4124 uincet
748 4084 776 4128 ςι
795 4068 884 4124 uincit
903 4074 921 4121 0
946 4070 957 4137 ΙΙ
978 4073 1012 4122 28
1038 4085 1098 4123 esse
1118 4073 1149 4121 0:
1168 4068 1208 4122 ire
1226 4073 1250 4120 v

102 4179 153 4233 rap.
172 4179 206 4216 m.
226 4165 259 4230 2,
278 4164 302 4211 ll
315 4161 325 4229 ΙΙ
338 4164 373 4213 29
391 4157 501 4212 Limina
518 4164 540 4210 r
558 4176 592 4213 m.
611 4164 645 4226 2,
664 4163 700 4212 ll:
720 4157 841 4212 Lumina
859 4163 878 4209 0
895 4160 899 4228 l
915 4156 1044 4211 halantia
1062 4155 1143 4210 sertis
1161 4157 1248 4211 Heia-

103 4236 162 4308 sias
179 4248 343 4320 (fragrantia
369 4247 450 4302 sertis
479 4247 712 4316 Woeseaberpius)
740 4246 796 4301 iam
820 4246 943 4301 lacrimis
966 4246 1081 4300 ualeant
1105 4244 1249 4300 manantia

103 4340 205 4396 nostris
223 4339 405 4392 Bormanon
418 4337 428 4406 ΙΙ
447 4341 481 4391 30
498 4337 594 4390 tamen
611 4351 668 4390 oca
686 4336 823 4404 intelie903
837 4340 908 4406 puto
926 4333 1042 4390 itmiam
1061 4336 1096 4404 (h.
1115 4352 1135 4391 e.
1155 4340 1180 4390 et
1197 4352 1248 4392 co-

105 4433 156 4486 leot
174 4430 263 4484 ioaoo
280 4441 337 4482 aco
354 4426 454 4481 obtine
471 4425 574 4494 fracto)
