3052 5044
433 323 442 336 '
521 354 717 410 eneruem
736 355 803 410 ue.
823 355 856 411 11.
877 363 919 410 22.

654 665 764 740 XXII.

223 838 292 905 Scis
315 841 392 906 here
416 842 460 906 mi
484 842 603 906 multas
627 840 749 926 pariter
772 841 931 926 placuisse
954 840 1093 924 puellas:

267 945 337 1012 Scis
361 947 454 1026 mihi,
478 947 706 1033 Demophoon,
729 949 833 1014 multe
856 947 966 1012 uenire
990 947 1086 1012 male.

221 1053 321 1118 Nulla
344 1056 425 1120 meis
448 1054 569 1120 frustra
592 1056 776 1122 lustrantur
798 1055 941 1139 compita
963 1053 1093 1138 plantis.

268 1161 294 1226 Ο
318 1161 415 1226 nimis
439 1163 538 1228 exitio
562 1167 641 1228 nata
664 1163 793 1228 theatra
816 1184 904 1247 meo,

195 1266 297 1332 eSiue
321 1269 437 1355 aliquis
462 1271 552 1335 molli
575 1271 698 1336 diducit
720 1270 855 1336 candide
878 1273 972 1355 gestu

266 1371 406 1440 Brachia
430 1397 484 1440 seu
508 1377 616 1443 uarios
640 1377 755 1442 incinit
778 1399 832 1443 ore
856 1376 983 1441 modos!

221 1480 349 1547 Interea
372 1483 475 1549 nostri
499 1487 658 1568 quaerunt
681 1484 744 1549 sibi
768 1485 886 1548 uulnus
911 1483 1018 1567 ocelli,

266 1586 411 1654 Candida
433 1611 499 1654 non
521 1592 608 1655 tecto
631 1593 760 1674 pectore
785 1591 812 1656 si
836 1612 899 1674 qua
923 1589 1025 1670 sedet,

222 1691 296 1757 Siue
320 1695 395 1778 uagi
419 1696 524 1760 crines
547 1697 636 1780 puris
660 1696 694 1760 in
717 1696 880 1761 frontibus
905 1699 1029 1777 errant,

174 1817 211 1865 10
265 1798 377 1866 Indica
400 1823 481 1886 quos
505 1803 611 1868 medio
635 1804 755 1868 uertice
779 1824 907 1888 gemma
930 1804 1030 1867 tenet.

221 1907 310 1983 Quae
335 1909 362 1972 si
385 1909 469 1973 forte
493 1909 617 1994 aliquid
642 1910 734 1974 uultu
756 1909 838 1973 mihi
861 1909 941 1972 dura
964 1911 1118 1992 negarat,

265 2013 397 2100 Frigida
420 2015 459 2080 de
482 2020 553 2081 tota
577 2017 684 2080 fronte
708 2015 842 2084 cedebat
866 2037 958 2100 aqua.

222 2121 370 2208 Quaeris,
393 2121 621 2206 Demophoon,
644 2145 700 2187 cur
723 2123 784 2187 sim
807 2125 874 2186 tam
899 2121 1007 2186 mollis
1030 2120 1066 2185 in
1090 2142 1211 2186 omnes.

266 2227 357 2304 Quod
381 2229 508 2313 quaeris
533 2227 680 2313 ‘querci’
703 2251 770 2294 non
793 2228 893 2294 habet
915 2228 999 2291 ullus
1024 2249 1123 2292 amor.

174 2335 286 2402 1oOur
309 2337 425 2422 aliquis
451 2337 551 2403 saeris
574 2336 678 2401 laniat
702 2358 759 2400 sua
783 2335 916 2400 brachia
939 2335 1051 2399 cultris

264 2443 309 2507 Et
331 2442 472 2528 Phrygis
496 2444 629 2507 insanos
653 2442 797 2507 caeditur
821 2443 861 2507 ad
883 2440 1057 2506 numeros?

218 2549 400 2634 Unicuique
423 2549 511 2614 dedit
534 2551 650 2615 uitium
674 2555 791 2616 natura
814 2553 936 2614 creato:

264 2657 311 2721 Mi
334 2656 466 2721 fortuna
490 2657 610 2740 aliquid
634 2679 760 2741 semper
783 2679 890 2721 amare
914 2655 1011 2720 dedit.

219 2761 271 2826 Me
294 2763 370 2826 licet
393 2766 426 2827 et
448 2762 630 2848 Thamyrae
654 2764 797 2828 cantoris
821 2764 890 2828 fata
914 2765 1102 2846 sequantur,

173 2885 208 2933 ao
262 2867 448 2952 Numquam
473 2869 513 2933 ad
536 2869 711 2948 formosas,
734 2869 857 2954 inuide,
881 2890 993 2933 caecus
1017 2890 1080 2933 ero.

219 2973 281 3040 Sed
304 2976 367 3041 tihi
391 2975 419 3040 si
442 2975 539 3040 exiles
561 2977 672 3042 uideor
694 2979 847 3040 tenuatus
871 2976 905 3038 in
930 2979 1033 3059 artus,

201 3275 268 3331 Vsa
288 3297 360 3332 neor.
408 3276 495 3332 XXII.
540 3277 625 3331 Nona
644 3277 728 3346 deuia
746 3293 808 3332 cinna
826 3277 906 3330 titnlo
925 3276 961 3330 ad
979 3275 1126 3330 heremum
1146 3276 1222 3346 (ium
1242 3279 1275 3346 o)

120 3365 346 3433 demophontam
367 3366 541 3436 (-phoontem
560 3368 631 3433 Μ
649 3382 683 3419 ne.
703 3366 733 3432 2)
753 3366 785 3418 in
804 3369 822 3415 0
845 3365 855 3433 u
879 3372 891 3417 1
919 3363 1025 3418 heremi
1045 3369 1064 3415 0
1087 3366 1096 3433 [l
1119 3370 1135 3417 2
1155 3364 1277 3420 mihine

121 3454 325 3509 Lactnnannne
347 3457 357 3524 t
380 3462 395 3508 3
415 3454 496 3524 meis]
516 3453 587 3507 mihi
605 3459 626 3505 r
648 3456 658 3523 ΙΙ
681 3459 697 3507 5
717 3452 824 3509 diducit
844 3454 1034 3509 Passeratius:
1054 3453 1204 3508 deducito
1227 3457 1237 3525 ΙΙ
1261 3463 1276 3510 6

121 3543 267 3598 Bracchia
284 3551 306 3596 1)
320 3549 340 3596 V
355 3549 378 3596 V
398 3548 403 3614 Ι
424 3543 523 3599 incinit
540 3548 576 3598 lt:
595 3542 676 3596 inicit
693 3549 715 3594 Ι)
730 3547 753 3594 V
772 3542 851 3596 uicit
868 3545 912 3598 net
929 3542 1008 3596 inerit
1025 3548 1046 3594 Β
1069 3545 1131 3611 (my.
1150 3561 1184 3599 m.
1204 3549 1223 3598 2
1243 3545 1275 3598 c’.

122 3630 253 3689 concinit
269 3635 284 3684 1
302 3632 411 3702 incipit)
425 3635 435 3702 11
449 3639 464 3686 ‘t
482 3631 583 3702 nostri]
603 3634 657 3700 qffl
670 3657 704 3678 -ε
719 3633 853 3700 quoniam
867 3638 888 3685 F
902 3649 936 3686 m.
952 3638 977 3699 1,
996 3636 1021 3686 ct
1038 3641 1060 3686 1)
1078 3649 1130 3701 my.
1147 3649 1199 3700 pro
1214 3650 1275 3688 nar.

123 3725 186 3776 lect.
201 3722 211 3790 ΙΙ
224 3723 296 3776 inter
313 3729 345 3776 10
360 3728 385 3775 ct
400 3728 432 3775 11
451 3723 558 3791 oliqnid
577 3722 746 3776 intercidisse
760 3727 845 3790 putat
859 3721 1037 3789 anneinine,
1056 3726 1124 3796 recte
1138 3727 1170 3775 nt
1185 3728 1253 3790 pnto
1267 3723 1277 3796 t

121 3811 246 3877 negaret
259 3815 280 3860 V
294 3827 327 3863 m.
343 3815 375 3877 13
393 3810 505 3880 negarit
523 3811 595 3864 Itali
608 3812 618 3879 ΙΙ
634 3817 665 3864 12
685 3809 720 3864 de
739 3827 789 3864 om.
809 3816 829 3862 V
848 3828 881 3865 m.
901 3817 916 3864 1
931 3811 941 3880 u
956 3816 988 3864 13
1007 3809 1166 3882 demophon
1184 3813 1276 3881 11114

121 3899 304 3952 Lachmanni
322 3899 567 3967 interpunctionem
585 3905 691 3954 eccntne
709 3917 782 3964 enn3
807 3917 888 3954 curae
901 3916 956 3969 pro
974 3916 1060 3968 quare
1079 3901 1148 3956 coni.
1168 3901 1276 3956 Husch-

121 3982 191 4042 kini
217 3987 313 4056 (qnare
341 4003 392 4040 nos
416 3988 502 4041 habet
524 3989 567 4041 nel
593 4005 648 4042 non
671 3990 753 4042 cauet
770 3988 952 4043 Brnmnnnns
977 3989 1049 4054 Quin
1073 3991 1183 4058 quaeris
1202 3993 1275 4061 ΑΨ-

121 4076 283 4144 mannnsNJ
300 4080 330 4128 15
351 4074 483 4130 bracchia
499 4083 521 4128 1)
536 4080 558 4128 V
574 4079 578 4148 t
596 4077 679 4131 cultis
698 4081 721 4128 V
739 4095 774 4132 n.
793 4083 809 4132 1
824 4079 835 4146 ΙΙ
849 4084 881 4132 16
900 4077 980 4147 frigis
1001 4083 1022 4129 r
1037 4080 1042 4147 Ι
1058 4078 1201 4146 quaeritur
1218 4084 1275 4130 Dr

123 4200 185 4270 (aed
203 4204 326 4270 aterque,
346 4200 389 4253 hic
407 4217 441 4253 m.
461 4205 494 4268 2,
518 4202 615 4255 illem.
634 4207 650 4254 1
671 4218 736 4270 inu,
761 4200 897 4270 caeditur)
927 4205 931 4268 l
961 4165 1044 4268 udos,
1068 4217 1206 4269 suprascr.
1225 4220 1275 4256 nu·
1315 4187 1320 4196 ⁵

121 4293 272 4356 mercar
294 4290 304 4358 ΙΙ
328 4295 360 4344 17
381 4289 472 4343 Unum
492 4290 591 4358 cuique
616 4290 873 4359 Wanrdenbnryiue
897 4292 901 4357 Ι
926 4290 1039 4343 fortuna
1057 4292 1080 4339 V
1098 4305 1148 4356 ny.
1169 4307 1201 4343 m.
1222 4297 1242 4346 2
1267 4293 1275 4364 {t

124 4383 163 4433 18
191 4375 268 4431 aliud
294 4377 476 4432 Brnrnannna
500 4377 623 4447 aliquem
643 4379 857 4444 Heimrcichine3
883 4382 913 4431 nt
931 4378 964 4443 cf.
985 4378 1022 4431 nd
1041 4377 1053 4428 I
1074 4383 1114 4445 13,
1133 4383 1167 4433 36
1199 4380 1209 4448 ΙΙ
1243 4387 1274 4436 19

121 4465 253 4523 thamire
271 4470 290 4518 0
310 4468 381 4536 tyre
399 4470 432 4537 0)
450 4470 619 4537 {sequentur
636 4472 695 4520 DV
715 4468 757 4538 (in
774 4468 823 4521 hoc
841 4481 909 4521 corr.
929 4483 963 4520 n.
982 4468 1013 4535 2)
