3004 5068
494 374 781 432 PROLEGOMBNA.
1085 378 1214 432 XXXVII

75 543 241 627 heuditque
264 541 403 606 Petrus
430 539 674 605 Burmannus
702 542 737 605 in
766 564 804 606 ea
831 541 984 627 editione,
1013 563 1095 627 quae
1123 542 1214 607 ditis-

77 651 154 714 simo
175 649 448 734 amplissimoque,
472 670 666 732 quamquam
691 652 785 714 uasto
804 649 916 714 eodem
936 652 1033 734 atque
1052 648 1214 735 indigesto

77 759 225 842 apparatu
248 757 409 820 instructa
432 756 466 819 iu
491 777 586 820 omne
610 759 738 840 tempus
761 756 1006 821 tundamentum
1030 760 1080 822 est
1103 757 1214 823 critico

77 864 288 948 Propertiano
321 863 406 947 quod
421 884 502 946 opus
517 865 593 946 post
606 861 786 928 Burmanni
806 866 944 928 mortem
958 886 985 928 a.
1004 863 1089 929 1780
1107 864 1215 929 emisit

76 971 299 1035 Laurentius
324 968 545 1036 Santonius.

157 1077 317 1143 Bouerant
335 1077 443 1141 studia
456 1077 671 1160 Proper-tiana
693 1078 728 1141 in
746 1077 808 1143 hac
821 1076 962 1143 Batauia
974 1079 1059 1144 eirca
1071 1077 1213 1142 medium

77 1185 229 1250 saeculum
252 1183 365 1250 XVIII
388 1184 451 1248 duo
475 1183 681 1267 potissimum
705 1185 783 1270 uiri,
812 1184 994 1250 Tiberius
1018 1183 1213 1249 Hemster-

76 1291 199 1356 husius
223 1295 257 1356 et
274 1291 471 1356 Iohannes
491 1288 745 1376 Schraderus,
764 1293 818 1375 qui
838 1291 952 1375 stipsi
972 1292 1104 1377 egregia
1121 1314 1213 1376 prae-

78 1401 221 1464 stiterunt
255 1397 359 1484 (cuius
390 1399 438 1462 rei
470 1397 695 1462 testimonium
723 1401 774 1462 est
800 1399 896 1462 huius
925 1398 1213 1464 ‘Emendationum

75 1507 161 1572 liber’
189 1528 265 1572 uere
290 1527 405 1570 aureus
429 1503 627 1570 Leouardiaa
652 1527 679 1570 a.
706 1506 790 1570 1776
815 1505 966 1588 emissus)
991 1508 1024 1569 et
1047 1504 1212 1588 discipulis

75 1615 149 1702 uatis
171 1613 289 1680 Umbri
317 1635 459 1677 amorem
488 1611 700 1695 inspirabant.
743 1633 781 1675 ex
810 1634 946 1695 quorum
974 1633 1109 1677 numero
1138 1617 1213 1676 ante

75 1725 186 1787 ceteros
216 1721 271 1785 hic
300 1718 515 1784 nominandus
547 1722 597 1782 est
626 1718 768 1784 Petrus
799 1718 1031 1784 Fonteinius
1062 1718 1212 1803 (1708-

78 1827 179 1913 1788),
206 1825 447 1893 Hemsterhusii
473 1823 622 1890 alu'mnus
652 1825 770 1910 quique
799 1827 884 1891 inter
915 1825 1065 1910 aequales
1095 1847 1214 1911 magna

76 1935 241 2020 meritaque
264 1934 389 2020 ingenii
409 1932 635 2018 doctrinaeque
654 1933 749 1998 laude
768 1933 886 1998 floruit.
922 1933 950 1997 is
969 1933 1046 1997 licet
1064 1933 1099 1996 in
1117 1933 1213 2018 longe

75 2042 191 2107 diuersa
209 2043 307 2116 ¹uitae
336 2041 525 2106 condicione
552 2042 679 2124 positus
703 2039 896 2125 (sacerdotis
925 2061 1055 2105 munere
1085 2039 1213 2104 Amatu-

74 2149 183 2213 lodami
201 2145 416 2234 fungebatur)
436 2148 556 2212 bonam
575 2149 646 2212 aeui
665 2151 793 2232 partem
811 2147 970 2232 impendit
988 2152 1021 2212 et
1038 2148 1212 2211 inlustran-

74 2255 114 2320 dis
132 2255 350 2339 Theophrasti
369 2254 616 2334 characteribus
639 2259 672 2319 et
695 2256 885 2341 castigando
905 2255 1084 2338 Propertio.
1121 2258 1154 2318 et
1173 2253 1213 2318 ad

74 2362 149 2427 hunc
172 2361 258 2448 quod
283 2362 414 2446 attinet,
443 2361 477 2424 in
501 2359 750 2426 Broukhusiana
773 2361 915 2425 editione
939 2361 1120 2444 posteriore
1144 2384 1213 2446 per-

74 2469 182 2534 multas
207 2468 410 2533 coniecturas
434 2467 742 2552 obseruationesque
767 2489 842 2531 suas
867 2466 1053 2552 adscripsit,
1076 2490 1212 2552 quarum

76 2576 202 2660 paruula
230 2574 390 2659 quaedam
419 2574 596 2659 specimina
623 2574 658 2637 in
685 2573 795 2639 libello
822 2574 927 2638 bonae
956 2573 1058 2659 frugis
1087 2578 1120 2639 et
1142 2577 1213 2660 ipso

73 2683 159 2766 pleno
179 2680 344 2768 (epistola
361 2682 473 2746 crItiea
492 2681 524 2744 in
539 2679 752 2764 Propertium·
765 2679 805 2744 ad
825 2678 1033 2745 Laurentium
1052 2704 1116 2745 van
1135 2679 1213 2744 San-

75 2789 149 2872 ten',
176 2787 413 2853 Amstelodami
448 2783 548 2871 1792)
576 2784 676 2851 edidit
703 2784 728 2849 I.
756 2784 792 2849 G.
816 2785 1010 2854 Huschke.
1046 2787 1107 2852 hoc
1129 2786 1212 2853 Fon-

76 2896 158 2959 teinii
182 2891 359 2978 exemplari
380 2913 466 2956 nunc
490 2892 524 2956 in
547 2891 746 2956 bibliotheca
769 2892 924 2957 ecclesiae
943 2893 1213 2979 Teleiohaptista·

76 3023 138 3066 rum
160 2999 472 3066 Amstclodamensis
497 2997 668 3063 adseruato
693 2999 730 3061 ut
756 3020 814 3082 per
836 2998 896 3064 hos
921 3021 1047 3065 menses
1072 3002 1212 3066 aestiuos

76 3109 231 3173 commode
255 3107 342 3171 domi
366 3105 413 3170 uti
437 3127 575 3190 possem,
599 3105 748 3170 effectum
772 3107 822 3168 est
845 3127 971 3172 summa
992 3107 1214 3173 beniuolentia

77 3237 175 3280 eorum
198 3214 315 3300 quibus
338 3211 556 3278 bibliothecas
579 3211 667 3276 illius
691 3233 768 3276 cura
791 3211 944 3278 mandata
967 3217 1026 3278 est.

154 3321 235 3387 Erat
258 3319 391 3385 omnino
414 3320 485 3382 tum
504 3317 694 3402 Propertius
718 3317 753 3382 in
777 3317 900 3383 deliciis
925 3322 1021 3403 atque
1046 3321 1211 3386 amoribus

77 3429 314 3515 philologorum,
336 3428 421 3491 inter
444 3447 526 3510 quos
550 3426 691 3490 eminent
713 3425 963 3491 Ruhnkenius
988 3431 1020 3492 et
1044 3425 1212 3494 Valcke-

77 3537 211 3620 narius,
236 3535 354 3620 quibus
374 3532 530 3598 accedunt
552 3535 719 3616 tamquam
739 3534 832 3617 ignes
852 3534 994 3598 minores
1013 3533 1213 3620 Eldilrius,

77 3641 321 3730 Koppiersius
347 3639 543 3728 (Obseruata
574 3639 701 3724 philol,
729 3640 831 3724 Lugd.
855 3640 927 3704 Bat.
954 3638 1068 3728 1771),
1097 3642 1212 3707 Wak-

77 3748 178 3814 herus
210 3747 389 3834 (Amoenit.
417 3747 530 3811 Litter.
564 3744 680 3834 1770),
714 3746 1038 3832 Wassenbergius
1077 3749 1211 3834 aliique:

78 3879 202 3940 quorum
229 3857 362 3921 inuenta
391 3877 429 3918 ex
457 3857 548 3938 parte
576 3854 641 3916 iarn
664 3853 699 3917 in
722 3852 901 3919 Burmanni
924 3855 1066 3919 editione
1090 3861 1211 3921 extant.

78 3963 176 4029 deinde
195 3962 496 4030 commemorandae
511 3965 587 4025 sunt
606 3961 848 4026 dissertationes
867 3963 1042 4028 nonnullae
1053 3963 1144 4047 Actis
1160 3987 1210 4030 so-

79 4069 191 4136 cietatis
219 4070 420 4137 Traitctinac
448 4069 602 4152 insertae,
635 4067 713 4132 Ioh.
743 4065 888 4140 Sterhii
918 4067 949 4154 (I
976 4092 1006 4152 p.
1039 4069 1101 4133 164
1120 4070 1211 4156 sqq),

79 4173 265 4242 Valentini
286 4175 547 4242 Slothouweri
567 4175 633 4263 (III
652 4197 681 4258 p.
696 4173 855 4261 136sqq.)‚
874 4175 997 4239 Herm.
1013 4174 1211 4242 Bosschae

81 4277 156 4364 (ibid.
169 4307 199 4368 p.
214 4285 277 4349 211
290 4281 382 4369 sqq).
419 4288 488 4348 tum
508 4281 546 4347 G.
566 4282 602 4348 T.
623 4279 810 4367 Suringar
833 4286 987 4366 quattuor
1006 4284 1209 4365 prolusiones

83 4391 252 4456 scolasticus
287 4392 327 4457 ad
359 4391 564 4475 Propertium
596 4391 796 4472 pertinentes
829 4389 951 4474 Lingac
990 4411 1017 4453 a.
1049 4391 1209 4457 lauh-8

85 4493 173 4563 edidit.
196 4521 293 4584 porro
317 4498 479 4564 nominari
502 4499 666 4562 merentur
688 4496 759 4562 Iac.
784 4495 901 4561 Henr.
920 4496 1116 4562 Hoeufftii
1141 4497 1211 4562 ‘Pe-
