3004 5068
289 304 330 368 16
638 305 834 361 PROPERTII
852 306 919 361 LIB.
939 307 959 360 l.
979 313 1004 362 9.
1026 312 1066 360 10.

375 467 491 532 Nullus
515 468 616 533 Amor
640 470 789 554 cuiquam
812 468 925 534 faciles
949 468 996 533 ita
1019 467 1171 552 praebuit
1194 468 1280 550 alas,

418 573 464 639 Ut
486 597 552 640 non
575 576 699 640 alterna
722 577 876 660 presserit
898 577 953 640 ille
977 597 1083 640 manu.

331 679 443 744 nsNec
465 684 498 746 te
522 680 674 765 decipiat,
699 683 785 767 quod
808 683 852 747 sit
875 684 954 747 satis
978 683 1036 748 illa
1058 685 1187 765 parata:

419 786 533 852 Acrius
557 788 612 851 illa
636 787 737 873 subit,
760 789 907 868 Pontice,
932 789 959 852 si
984 811 1048 872 qua
1070 792 1128 852 tua
1151 792 1214 872 est;

376 891 500 976 Quippe
524 894 582 958 ubi
604 914 671 958 non
694 894 791 959 liceat
813 917 916 960 uacuo
941 895 1116 960 subducere
1141 893 1275 977 ocellos,

419 999 488 1066 Nee
511 1000 649 1084 uigilare
673 1001 737 1065 alio
760 1001 890 1066 nomine
915 1001 1006 1066 cedat
1029 1000 1144 1084 Amor,

376 1105 437 1181 Qui
460 1128 526 1171 non
550 1111 624 1170 ante
647 1111 752 1191 patet,
776 1108 877 1173 donec
900 1130 1015 1172 manus
1039 1106 1255 1192 attigit'ossa.

331 1228 365 1276 30
420 1212 571 1297 Quisquis
596 1236 643 1298 es,
667 1215 814 1280 assiduas
838 1238 857 1280 o
882 1216 957 1301 iuge
984 1214 1164 1279 blanditiae.

375 1317 444 1383 lllis
468 1323 500 1382 et
523 1320 629 1384 silices
654 1324 687 1384 et
709 1325 845 1405 possunt
868 1322 979 1387 cedere
1005 1342 1154 1405 quercus;

420 1422 547 1490 Nedum
571 1431 606 1491 tu
630 1449 689 1510 par
713 1428 771 1512 sis,
795 1427 929 1511 spiritus
954 1428 1016 1492 iste
1039 1425 1130 1492 leuis.

377 1529 496 1615 Quare,
519 1531 553 1596 ni
576 1534 679 1617 pudor
702 1538 765 1618 est,
788 1557 886 1618 quam
909 1533 1050 1617 primum
1073 1536 1183 1597 errata
1205 1533 1326 1596 fatere:

420 1636 551 1721 Dicere,
575 1660 638 1721 quo
661 1660 789 1724 pereas,
814 1661 909 1723 saepe
933 1640 966 1704 in
991 1659 1099 1702 amore
1123 1638 1219 1734 leuat.

751 1871 962 1878 μ*

838 2049 914 2123 Χ..

376 2204 402 2267 Ο
426 2203 564 2270 iocunda
587 2204 691 2288 quies,
714 2204 820 2287 primo
844 2227 917 2269 oum
939 2206 1033 2270 testis
1057 2205 1159 2269 amori

419 2311 595 2376 Adfueram
618 2311 735 2374 uestris
760 2312 907 2377 conscius
930 2313 965 2376 in
982 2300 1141 2378 lacrimis!

360 2417 401 2480 Ὀ
425 2421 553 2482 noctem
577 2416 761 2481 meminisse
787 2417 868 2481 mihi
892 2418 1028 2482 iocunda
1051 2417 1218 2501 uoluptas,

420 2518 446 2586 Ο
472 2524 621 2607 quotiens
645 2523 730 2588 uotis
753 2524 811 2587 illa
834 2523 980 2589 necanda
1003 2525 1098 2607 meis,

345 2627 456 2694 'ullum
480 2633 512 2694 te
536 2630 703 2712 complexa
726 2631 934 2713 morientem,
957 2629 1063 2714 Galle,
1086 2630 1196 2713 puella

420 2735 568 2801 Vidimus
593 2739 625 2800 et
647 2737 745 2821 longa
768 2737 883 2800 ducere
906 2735 1007 2800 uerba
1029 2739 1132 2799 moral

375 2841 529 2918 Quamuis
552 2843 693 2908 labentis
716 2846 875 2926 premeret
897 2843 977 2907 mihi
1001 2865 1133 2908 somnus
1157 2843 1276 2908 ocellos

419 2948 464 3013 Et
486 2949 599 3014 mediis
623 2949 710 3015 caelo
734 2948 826 3014 Luna
847 2948 977 3013 ruberet
1000 2948 1104 3032 equis,

357 3141 425 3198 Vsa.
444 3162 523 3206 sacr„
567 3148 600 3196 23
647 3142 790 3213 cuiquam]
814 3140 860 3194 eui
882 3157 916 3194 ea
934 3157 1018 3209 corr,
1041 3145 1073 3194 at
1090 3141 1163 3208 aid,
1186 3139 1218 3194 in
1236 3145 1259 3192 A
1289 3141 1293 3212 Ι
1324 3142 1438 3216 faciles,

285 3233 326 3286 iia
345 3236 364 3284 0
390 3234 394 3301 Ι
419 3231 535 3301 praebet
553 3231 676 3286 habenas
695 3230 841 3285 Jacobsius
867 3230 877 3297 ΙΙ
904 3234 939 3282 24
956 3227 1021 3282 inde
1040 3227 1233 3283 Broulcbusius
1255 3231 1264 3298 ΙΙ
1287 3236 1321 3285 27
1341 3250 1437 3289 uacuo

284 3320 464 3388 Fonteium,
482 3336 542 3390 epo:
560 3337 664 3379 uacuos
684 3325 702 3373 0
724 3322 727 3388 Ι
748 3318 901 3373 subducere
920 3324 942 3369 0
956 3321 992 3371 V:
1012 3316 1142 3372 seducere
1160 3323 1183 3370 A
1197 3324 1217 3370 F
1231 3323 1255 3369 13
1273 3320 1282 3388 Ι
1301 3325 1335 3372 28
1357 3323 1437 3377 cedit

283 3416 341 3463 A!
360 3413 401 3480 (in
419 3412 467 3466 boe
485 3427 554 3465 corr.
573 3427 607 3465 m.
626 3412 656 3480 2)
675 3412 685 3479 ΙΙ
698 3415 732 3463 23
751 3407 862 3478 manus]
883 3407 973 3461 malus
990 3407 1107 3460 Medius
1125 3407 1188 3474 (quo
1206 3412 1314 3475 accepto
1333 3410 1438 3466 atterit

283 3497 474 3566 Burmannus)
503 3502 512 3570 ΙΙ
540 3506 573 3554 30
602 3517 618 3555 o
637 3500 703 3568 fuge
725 3496 913 3552 Passeratius:
939 3495 1040 3564 aufuge
1060 3499 1078 3547 0
1097 3496 1135 3548 ah
1153 3493 1218 3564 fuge
1237 3495 1349 3551 Bellias
1369 3502 1436 3556 sila.

284 3591 343 3644 erit.
360 3607 388 3659 p.
410 3591 513 3658 731131
533 3588 624 3643 silices
638 3591 661 3639 V
674 3604 708 3642 m.
724 3592 756 3652 2,
775 3591 811 3639 le:
831 3583 930 3638 salices
949 3588 968 3636 0
985 3584 989 3650 Ι
1006 3585 1034 3638 et
1052 3585 1170 3653 possunt
1187 3589 1208 3636 0
1223 3588 1258 3638 V:
1279 3588 1309 3640 et
1322 3589 1437 3655 possint

283 3682 306 3729 A
320 3683 341 3729 12
354 3682 379 3728 10
396 3678 514 3746 possunt
532 3678 561 3730 et
580 3692 596 3734 ς
619 3678 628 3744 ΙΙ
651 3682 684 3729 32
704 3674 815 3729 Nedum
833 3678 854 3724 12
872 3691 906 3728 m.
926 3678 959 3740 2,
978 3676 1002 3722 le
1020 3671 1062 3724 Ne
1082 3673 1148 3726 dnm
1167 3677 1202 3727 V:
1225 3673 1354 3729 Necdum
1375 3682 1435 3730 Ar

283 3766 343 3820 Nec
362 3765 428 3818 dum
446 3771 468 3816 0
491 3767 495 3833 Ι
517 3781 569 3832 par
587 3763 624 3818 sis
642 3765 753 3832 scripsi:
772 3761 861 3833 possis
880 3766 898 3813 0
924 3762 928 3828 Ι
954 3766 1003 3832 spo
1021 3766 1045 3812 ll
1067 3764 1077 3830 ΙΙ
1099 3768 1133 3815 33
1152 3760 1182 3816 ni
1200 3762 1347 3818 Heinsius:
1368 3765 1396 3820 si
1416 3772 1434 3820 0

284 3853 338 3908 etsi
356 3853 552 3908 Lachmanaas
580 3854 584 3920 Ι
614 3851 737 3907 iateriv
760 3856 829 3906 nal
860 3853 864 3919 Ι
894 3868 950 3919 qua
969 3866 999 3921 ς,
1022 3851 1121 3906 Densa
1138 3851 1225 3918 iilius:
1250 3858 1280 3906 ut
1302 3854 1337 3920 cf.
1362 3858 1435 3910 adl

285 3950 332 4015 13,
350 3949 393 3998 ae.

354 4051 387 4106 X.
437 4049 522 4105 Noua
544 4048 629 4118 elepia
650 4065 710 4103 eam
733 4049 813 4104 titulo
836 4048 872 4103 ad
895 4047 1001 4118 gallum
1024 4047 1056 4101 iu
1081 4051 1099 4098 0
1131 4049 1141 4116 Ι
1172 4052 1188 4099 2
1217 4046 1269 4100 Aff.
1295 4054 1392 4102 Ην
1429 4053 1432 4124 Ι

284 4141 409 4197 conctius
427 4145 461 4208 P,
480 4155 548 4194 eorr.
568 4155 603 4192 m.
622 4144 642 4194 2
660 4155 711 4207 inp.
734 4141 738 4204 Ι
761 4136 909 4192 inlecebris
928 4137 997 4192 coni.
1017 4136 1140 4206 Scaliper
1158 4141 1183 4190 et
1200 4136 1346 4204 Heinsias;
1365 4139 1433 4194 tha-

283 4231 364 4284 lamis
392 4228 562 4298 Hasebleius,
590 4228 662 4296 quod
689 4227 785 4280 nollem
812 4228 870 4295 ipse
897 4230 993 4280 auctor
1015 4231 1111 4294 postea
1135 4225 1281 4293 spreuisset
1311 4228 1321 4294 ΙΙ
1351 4231 1369 4278 6
1403 4229 1434 4283 in

282 4319 398 4387 longam
413 4348 446 4357 -
461 4334 568 4372 moram
588 4333 604 4375 ς
631 4318 641 4385 ΙΙ
668 4322 682 4369 7
707 4315 828 4369 labentis
846 4318 917 4367 BV:
936 4313 1063 4368 labentes
1081 4317 1104 4364 A
1118 4319 1138 4365 F
1152 4318 1176 4364 n
1205 4317 1209 4380 Ι
1239 4313 1309 4366 mihi
1330 4329 1384 4369 om.
1411 4323 1433 4370 Β

284 4409 361 4475 (tunc
379 4422 516 4482 suprascr.
535 4425 569 4460 ms.
589 4407 620 4475 2)
634 4408 673 4474 118
692 4403 792 4458 mediis
810 4420 844 4458 eie
861 4403 931 4457 meis
949 4417 1018 4457 eorr.
1038 4419 1071 4458 m.
1091 4407 1111 4458 2
1130 4407 1150 4453 F
