3052 5044
472 325 668 382 Puopuauu
686 325 754 382 ma.
775 327 808 384 11.
828 335 852 384 3.
873 335 897 385 4.

193 488 232 554 Si
256 489 326 574 quis
351 489 422 554 uult
444 489 531 554 fama
554 491 684 556 tabulas
709 491 832 556 anteire
855 495 1016 578 uetustas,

242 595 305 660 Hie
328 594 494 660 dominam
519 597 666 680 exemplo
690 601 791 681 ponat
815 599 848 662 in
872 603 941 662 arte
966 621 1084 666 meam:

191 699 270 766 Siue
292 701 384 766 illam
407 701 575 785 Hesperiis
599 703 667 768 siue
690 705 781 768 illam
805 706 956 770 ostendet
978 705 1071 792 Eois,

240 806 320 872 Uret
344 811 376 872 et
398 808 502 892 Eoos,
525 813 597 874 uret
620 813 654 873 et
676 809 861 895 Hesperios.

719 1045 785 1054 ...ψ-

196 1377 259 1441 His
284 1379 399 1442 saltem
424 1382 460 1443 ut
482 1382 593 1443 tenear
616 1380 681 1444 iam
704 1381 835 1444 finibus!
860 1405 892 1465 a,
915 1383 995 1447 mihi
1020 1384 1047 1447 si
1073 1383 1155 1468 quis,

240 1483 357 1547 Acrius
381 1487 417 1548 ut
440 1485 573 1569 moriar,
597 1487 724 1550 uenerit
747 1487 830 1551 alter
854 1489 959 1552 amor!

193 1590 241 1653 Aa
262 1589 365 1654 ueluti
387 1591 492 1674 primo
515 1595 628 1656 taurus
652 1593 813 1658 detractat
836 1597 958 1677 aratra,

239 1697 320 1761 Post
342 1698 433 1761 uenii
457 1703 584 1763 assueto
609 1700 715 1764 mollis
741 1700 780 1764 ad
805 1722 884 1764 arua
907 1701 1000 1786 iugo,

158 1803 247 1868 5Sic
269 1803 374 1887 primo
398 1804 530 1869 iuuenes
553 1805 718 1890 trepidant
740 1808 773 1870 in
798 1827 906 1872 amore
929 1807 1070 1890 feroces,

237 1910 362 1975 Dehinc
385 1910 499 1976 domiti
523 1913 699 1997 posthaec
723 1935 826 1999 aequa
850 1917 882 1977 et
904 1913 1016 1998 iniqua
1040 1915 1156 1979 ferunt.

141 2019 147 2028 ”
192 2016 313 2099 Turpia
336 2039 509 2101 perpessus
534 2025 624 2084 uates
649 2025 699 2084 est
722 2021 829 2084 uincla
853 2019 1048 2104 Melampus,

238 2122 396 2208 Cognitus
420 2123 537 2209 Iphicli
561 2127 760 2210 subripuisse
783 2127 897 2210 boues3

194 2231 296 2306 Quem
319 2253 385 2295 non
408 2232 513 2317 luera,
536 2233 641 2317 magis
664 2233 746 2297 Pero
770 2232 913 2298 formosa
937 2235 1055 2319 coegit,

140 2355 184 2402 10
240 2337 316 2401 Mox
341 2337 563 2422 Amythaonia
585 2343 688 2422 nupta
711 2338 821 2403 futura
844 2341 948 2404 domo.

193 2443 298 2508 Multa
321 2444 411 2526 prius
435 2443 584 2510 dominae
607 2445 724 2509 delicta
747 2447 892 2530 queraris
918 2449 1059 2532 oportet,

238 2548 340 2633 Saepe
363 2571 458 2633 roges
482 2551 617 2636 aliquid,
642 2572 738 2635 saepe
761 2553 909 2635 repulsus
933 2575 1002 2635 eas,

191 2655 237 2720 Et
258 2679 353 2740 saepe
377 2657 545 2722 inmeritos
570 2679 757 2742 corrumpas
781 2658 929 2724 dentibus
953 2679 1090 2744 ungues,

234 2763 279 2828 ut
302 2765 459 2848 crepitum
483 2764 580 2830 dubio
606 2767 740 2832 suscitet
762 2766 812 2830 ira
834 2765 923 2849 pede.

138 2870 412 2956 15Nequiequam
436 2872 566 2956 perfusa
588 2873 668 2938 meis
693 2876 858 2957 unguenta
881 2873 1020 2957 capillis,

235 2977 310 3042 Ibat
332 2983 365 3044 et
389 3001 527 3062 expenso
550 2981 662 3062 plante
685 2983 812 3044 morata
835 2979 946 3065 gradu.

191 3084 268 3149 Non
291 3085 343 3150 hic
366 3086 468 3150 herba
492 3087 593 3168 ualet,
616 3107 680 3150 non
702 3087 755 3150 hia
777 3090 937 3152 nocturna
960 3087 1106 3174 Cytaeis,

173 3259 243 3312 Vm.
264 3279 338 3313 macr.
376 3267 410 3314 42
430 3261 587 3330 exemplum
603 3262 738 3316 Heinsius
753 3263 757 3328 1
773 3263 860 3330 ponet
873 3270 895 3315 1)
912 3265 916 3331 1
933 3265 992 3317 arte
1011 3270 1046 3317 D:
1065 3266 1130 3319 ante
1144 3272 1230 3318 HV
1244 3267 1253 3338 11

86 3359 126 3406 43
152 3348 278 3418 experiis
297 3355 318 3401 F
332 3352 378 3420 vn
393 3357 426 3403 44
446 3351 572 3420 experios
589 3356 610 3402 r

173 3455 218 3508 IV.
256 3473 304 3510 aa.
326 3462 412 3510 1-10
431 3459 571 3512 cohaerent
586 3458 679 3526 priori
697 3459 808 3527 alapiae,
833 3476 857 3513 a.
878 3476 906 3512 u.
927 3465 958 3512 11
983 3475 1059 3512 noua
1083 3462 1167 3529 elepiu
1191 3479 1251 3516 eum

84 3546 183 3600 titulo
202 3545 238 3599 ad
257 3549 397 3601 amantem
418 3547 517 3615 incipit
536 3548 566 3600 iu
587 3552 619 3614 0;
638 3564 706 3602 corr.
723 3547 894 3601 Schraderus
912 3553 936 3601 et
951 3547 1147 3604 Lachmaunus
1161 3553 1170 3620 11
1186 3556 1198 3603 1
1216 3553 1251 3605 ah

87 3636 237 3692 Paccius:
257 3643 274 3689 a
292 3641 313 3688 r
332 3639 382 3690 aut
399 3643 421 3688 1)
435 3639 458 3688 V
472 3641 496 3687 11
514 3637 550 3704 (et
567 3641 588 3687 1³
607 3652 641 3689 m.
661 3637 691 3705 2)
711 3636 757 3690 hei
776 3637 972 3690 Lachmauuus
998 3639 1008 3706 11
1035 3643 1050 3689 2
1075 3641 1145 3706 puto
1165 3638 1252 3708 siquis

87 3725 213 3794 Acrior,
232 3727 264 3778 ut
290 3727 300 3794 1
327 3733 343 3779 3
362 3726 400 3779 Ab
417 3730 450 3778 r:
471 3725 512 3779 Aa
530 3732 552 3777 1)
567 3730 626 3777 Π
655 3729 660 3794 1
690 3726 830 3780 detractet
847 3731 868 3777 r
893 3727 897 3794 1
923 3728 1046 3780 aratrum
1066 3730 1087 3776 r
1106 3743 1139 3780 m.
1159 3733 1179 3782 2
1202 3730 1212 3797 11
1235 3735 1252 3782 4

86 3814 200 3868 asueto
219 3818 277 3865 DV
303 3817 306 3881 1
336 3831 415 3868 arma
433 3829 450 3872 ς
476 3815 486 3884 ΙΙ
509 3819 525 3868 6
543 3815 608 3884 post
626 3815 707 3883 haec]
727 3816 813 3870 fortes
832 3815 966 3869 Eldilcius
996 3814 1006 3882 11
1034 3821 1048 3869 7
1078 3815 1130 3885 est]
1150 3818 1217 3870 etr
1248 3819 1251 3889 1

86 3903 257 3970 melampus
275 3909 309 3956 D:
335 3903 476 3973 inlampus
494 3908 591 3974 (supra
609 3905 639 3958 nl
658 3922 691 3958 m.
712 3909 731 3958 2
751 3907 777 3973 e)
796 3911 817 3956 F
836 3905 984 3975 nylampus
1003 3909 1063 3957 Π
1086 3907 1096 3974 1
1119 3912 1134 3960 8
1153 3906 1252 3976 iphicli

87 4003 127 4046 D:
150 3990 274 4060 hiphieli
292 3998 312 4045 F
331 3992 438 4063 yphicli
456 3999 480 4046 11
494 3999 517 4045 V
536 3995 631 4065 (hyph.
649 3996 733 4050 huius
751 3997 832 4092 m&
848 3998 852 4063 1
869 3993 967 4064 surrip.
987 4001 1008 4046 1>
1024 3999 1046 4046 V
1060 3996 1069 4064 11
1084 4001 1098 4048 9
1117 4012 1172 4048 non
1191 4001 1215 4047 u
1229 4000 1252 4046 v

88 4085 129 4150 (et
151 4086 178 4134 D
195 4097 247 4150 ηιμ.
262 4097 317 4149 pro
335 4100 397 4137 aar.
417 4083 499 4153 lamp:
518 4102 591 4139 nunc
609 4092 631 4138 Ι)
645 4091 666 4137 r
688 4089 692 4152 1
713 4085 801 4154 phem
821 4089 839 4137 0
862 4085 885 4152 1.
896 4089 929 4138 10
948 4082 1045 4139 amith.
1064 4087 1122 4135 ru
1142 4084 1250 4151 amych.

88 4180 112 4226 n
130 4175 157 4223 v
179 4169 272 4238 (haim
289 4187 323 4224 m.
342 4176 362 4225 2
382 4173 500 4241 amyth.)
524 4173 533 4241 11
559 4178 590 4226 13
608 4172 675 4226 ium.
695 4177 732 4226 lu:
751 4171 828 4226 imm.
848 4172 927 4226 ceteri
943 4173 947 4228 Ι
963 4170 1098 4226 dentebus
1116 4178 1138 4224 r
1156 4190 1189 4226 m.
1212 4173 1251 4244 111

92 4267 129 4314 14
152 4256 297 4328 crepitum
313 4264 334 4311 r
353 4265 418 4314 m.1
439 4259 621 4329 strepituml)
642 4261 723 4330 (idem
741 4258 877 4329 crepitum
894 4276 948 4328 pro
965 4277 1028 4316 aar.
1042 4263 1100 4315 leet.
1115 4263 1146 4317 in
1164 4265 1228 4332 my.)
1246 4263 1248 4334 1

91 4367 146 4405 ora
166 4353 187 4400 1²
207 4365 240 4401 m,
261 4353 276 4401 1
304 4349 314 4418 11
338 4354 369 4403 m
390 4348 569 4418 Nequiquam
583 4353 607 4401 Η
629 4351 639 4418 11
664 4355 695 4402 17
715 4348 782 4402 arba
800 4354 821 4401 r
843 4349 846 4420 1
866 4348 1030 4403 nocituran
1050 4351 1131 4420 (idem
1149 4353 1180 4406 ia
1199 4369 1250 4422 my.

90 4436 249 4494 nociturna
268 4435 332 4507 [sie]
347 4452 401 4506 pro
420 4453 480 4492 aar.
502 4438 570 4504 leet.)
587 4438 591 4504 1
607 4436 715 4506 cytheis
734 4444 756 4489 1)
771 4441 830 4490 VN
849 4437 949 4492 eitheis
969 4444 989 4492 Ε
