3004 5068
490 333 777 392 Pnonucomn
1130 331 1209 387 xvss

54 499 88 564 in
113 484 360 585 re'perspicua‚
386 521 459 564 cum
489 498 680 583 praesertim
708 493 865 562 eiusmodi
887 495 1047 560 nonnulla
1072 494 1138 559 iam
1166 495 1208 559 ab

55 606 130 671 aliis
164 604 269 672 doctis
300 607 368 672 sirrt
400 606 588 690 obseruata3
620 604 697 670 date
728 603 837 688 potius
865 603 1033 669 occasione
1064 606 1139 667 utar
1169 606 1208 666 ut

57 735 163 777 unum
185 713 293 779 locum
314 712 374 778 illa
395 713 522 778 ratione
545 715 697 778 sanatum
719 711 883 796 copiosius
905 709 959 774 hic
980 711 1127 774 tractem.
1160 705 1209 772 III

57 819 116 903 22,
143 819 297 885 11—16:

148 925 260 1010 Tuque
282 929 340 992 tuo
364 922 521 992 Colchum
544 925 707 1010 propellas
730 924 853 1009 remige
875 921 1008 988 Phasim

191 1031 403 1116 Peliacaeque
425 1031 528 1097 trabis
551 1035 658 1098 totum
680 1031 742 1096 iter
763 1031 834 1114 ipse
856 1030 963 1116 legas,
980 1063 1023 1078 -·
1046 1065 1090 1078 -

147 1137 196 1202 At
218 1139 246 1203 si
268 1160 334 1222 qua
357 1140 448 1224 erige
470 1138 607 1205 uisenda
628 1143 680 1206 est
701 1160 760 1204 ora
783 1136 912 1222 Caystri

192 1243 238 1310 Et
261 1267 326 1330 qua
347 1249 498 1330 septenas
518 1248 680 1330 temperat
697 1245 785 1312 unda
806 1247 887 1312 uias.
921 1239 923 1244 ’

58 1353 150 1418 nulla
172 1375 210 1417 ex
233 1352 427 1418 coniecturis
449 1353 625 1438 propositis
652 1353 700 1418 ita
722 1375 757 1418 se
780 1351 984 1418 commendat
1011 1373 1032 1416 a
1054 1349 1208 1416 mutatio-

58 1459 108 1524 nis
131 1455 288 1524 facilitate
310 1462 349 1524 ut
371 1480 481 1524 secure
499 1459 534 1523 in
553 1480 592 1525 ea
610 1458 815 1544 adquiescere
833 1459 953 1544 possis3
977 1478 1081 1542 aeque
1105 1457 1209 1522 adhuc

58 1565 138 1630 satis
161 1567 374 1650 respexerunt
396 1565 438 1630 ad
460 1586 559 1650 graue
580 1565 661 1630 illud
684 1565 753 1631 ‘tuo
772 1565 937 1650 propellas
956 1563 1098 1650 remige',
1122 1564 1209 1650 quod

58 1670 137 1736 mihi
170 1671 299 1756 quidem
330 1671 378 1736 ita
405 1675 534 1738 tantum
561 1672 771 1738 uerbositatis
796 1672 917 1738 crimen
944 1671 1084 1756 effugere
1114 1693 1209 1756 posse

59 1776 199 1862 uidetur,
227 1778 256 1844 si
283 1778 401 1844 abhinc
428 1778 528 1844 habet
555 1779 607 1844 cui
631 1779 834 1864 respondeat
875 1778 959 1844 tales
987 1777 1208 1862 oppositiones

59 1883 152 1948 utin
174 1882 298 1948 deliciis
326 1888 422 1951 erant
447 1885 626 1969 ueteribus,
655 1886 703 1952 ita
724 1885 912 1970 Propertius
940 1885 976 1950 in
998 1887 1140 1950 carmine
1168 1883 1210 1950 ad

60 1989 195 2054 eundem
218 1989 349 2056 Tullum
378 1990 455 2056 dato
485 1990 514 2072 [Ι
538 1991 573 2076 6,
596 1992 654 2072 33]
683 1991 815 2075 scripsit
837 1989 911 2056 ‘scu
938 1989 1075 2073 pedibus
1103 1994 1208 2056 terras

61 2117 115 2160 seu
138 2100 276 2180 pontum
298 2119 431 2182 carpere
454 2097 550 2164 remis
573 2095 658 2164 ibis'.
689 2097 805 2182 quodsi
827 2096 864 2162 in
881 2095 942 2161 hoc
956 2111 1085 2182 quoque
1104 2096 1208 2162 altero

61 2202 204 2269 membro
235 2226 310 2270 eum
331 2204 451 2270 dixisse
479 2205 636 2270 sumimus
660 2203 733 2270 ‘seu
760 2204 823 2269 tibi
845 2202 992 2268 terrestri
1014 2203 1131 2268 itinere
1153 2203 1208 2269 ad-

61 2308 182 2376 eundae
206 2314 282 2376 sunt
311 2312 460 2397 regiones
483 2309 623 2396 Caystro
647 2309 831 2376 adiacentes
861 2309 1008 2394 circaque
1032 2307 1101 2374 Nili
1124 2310 1209 2374 ostia

62 2414 170 2500 sitae',
205 2419 373 2502 tamquam
409 2417 538 2504 magica
570 2416 708 2501 quadam
742 2417 835 2503 uirga
868 2420 1037 2484 contectae
1073 2417 1208 2482 uoculae

62 2519 140 2606 ‘qua
162 2522 269 2608 orige'
293 2523 327 2587 in
349 2525 523 2607 pristinam
545 2523 685 2592 formam
708 2521 897 2610 ‘quadriga’
920 2523 1070 2589 redeunt:
1092 2544 1209 2606 nempe

63 2625 88 2692 ί)
116 2650 174 2712 pro
202 2627 233 2694 D
260 2629 343 2716 legit
373 2629 534 2696 librarius.
579 2630 798 2697 reminiscaris
832 2634 940 2698 autem
972 2630 1070 2696 uelim
1102 2630 1209 2696 locum

63 2733 189 2800 Horatii
217 2735 329 2820 [epist
352 2736 369 2802 Ι
401 2738 457 2822 11,
479 2737 541 2819 28]
566 2736 720 2803 ‘nauibus
748 2741 845 2823 atque
872 2736 1040 2823 quadrigis
1069 2737 1209 2820 petimus

64 2838 143 2904 bene
164 2841 302 2927 uiuere'‚
325 2845 382 2910 ubi
404 2866 483 2910 uoce
506 2843 564 2908 illa
586 2843 699 2909 itidem
722 2843 861 2910 nauibus
890 2844 1099 2927 opponuntur
1120 2842 1209 2908 uehi·

64 2947 144 3029 cula,
166 2948 282 3033 quibus
300 2950 336 3018 in
353 2954 440 3016 terra
458 2952 496 3017 fit
513 2948 624 3037 iter*).
657 2951 785 3035 iamque
803 2951 985 3034 reciperare
1002 2950 1079 3015 licet
1096 2970 1210 3014 ueram
1263 2993 1267 3008 .

64 3059 174 3137 poetae
196 3078 338 3122 manum
370 3080 448 3124 nam
470 3059 506 3126 in
526 3057 622 3124 initio
645 3079 759 3122 uersus
782 3078 855 3122 curn
878 3078 937 3141 pro
962 3054 1027 3122 ‘at'
1051 3061 1210 3122 correcto·

65 3181 115 3224 res
134 3160 235 3228 Italos
259 3164 362 3229 secuti
384 3165 484 3250 uulgo
508 3163 573 3230 ‘et'
597 3164 750 3247 scribant,
772 3163 888 3229 melius
907 3162 1095 3236 Fonteiniue
1119 3162 1209 3228 ‘aut'

66 3268 183 3353 posuit3
207 3267 408 3356 ‘quadrigae’
431 3293 509 3338 uero
533 3291 590 3355 per
613 3292 647 3336 se
670 3291 786 3354 parum
809 3273 922 3352 aptum
945 3267 980 3355 (a
1002 3269 1098 3335 Tullo
1122 3270 1208 3334 enim

66 3373 99 3438 iu
130 3375 286 3462 quadriga
316 3378 425 3460 posito
461 3379 612 3446 uisuntur
643 3377 793 3462 regiones
828 3373 924 3462 illae)
960 3375 1126 3440 lenissime
1161 3376 1210 3442 ita

67 3484 202 3548 mutetur
234 3487 271 3548 ut
303 3484 366 3551 duo
397 3485 570 3570 potissima
601 3484 757 3548 miracula
789 3505 846 3568 per
874 3482 925 3548 ‘et
949 3519 989 3528 —
1014 3481 1063 3546 et'
1092 3483 1208 3548 discer-

67 3590 193 3656 nantur:
218 3588 292 3656 ‘aut
314 3590 343 3654 si
370 3591 529 3676 quadriga
555 3594 589 3655 et
614 3591 749 3656 uisenda
772 3588 837 3655 est'
861 3611 932 3674 eqs,
960 3589 1083 3656 scilicet
1105 3587 1209 3674 ‘tibi’‚

68 3696 147 3777 quod
168 3697 238 3781 ipse
260 3696 325 3763 loci
346 3701 440 3763 tenor
464 3667 659 3782 suppeditat.

149 3801 250 3870 Porro
273 3804 309 3868 in
335 3804 444 3887 prisco
473 3803 531 3869 illo
558 3804 667 3871 codice
694 3804 795 3870 uerba
822 3803 925 3868 multa
949 3803 1087 3868 obscura
1109 3803 1209 3870 fuisse

71 3910 103 3969 et
121 3908 204 3976 lectu
226 3909 421 3976 difficillima
444 3933 544 3996 supra
565 3909 643 3995 dixi,'
668 3932 805 3995 quorum
828 3910 971 3994 aliquam
995 3911 1134 3994 speeiem
1157 3932 1209 3974 ex·

70 4017 219 4096 presserit
246 4017 405 4084 imitando
432 4018 462 4083 is
490 4019 545 4102 qui
572 4017 752 4102 descripsit
793 4016 856 4082 hoc
884 4035 1011 4100 qnoque
1040 4015 1130 4080 lubet
1152 4017 1208 4081 ali·

71 4125 143 4202 quot
164 4123 244 4189 locis
268 4122 446 4190 ostendere.
478 4123 494 4188 I
520 4125 574 4209 19,
600 4124 743 4191 17-20:

136 4279 163 4350 '‘)
184 4283 286 4352 postea
303 4281 364 4338 uidi
381 4281 440 4336 ianr
459 4281 633 4352 Scaligerum
654 4279 829 4351 ‘quadrigae‘
850 4278 1039 4350 proposuisse,
1057 4279 1107 4334 sed
1123 4279 1208 4335 inter-

72 4371 203 4435 pretatum
228 4388 291 4428 esse
309 4371 461 4440 ‘quattuor
483 4355 567 4425 rirbes
585 4370 691 4440 Ephesi
712 4367 877 4436 nobiliores,
900 4368 1042 4438 Ephesum
1061 4368 1210 4440 Smyrnam

74 4455 255 4530 Colophonem
274 4463 303 4516 et
321 4460 473 4516 Miletum'.
509 4460 563 4514 hae
582 4475 648 4514 sane
667 4475 760 4528 nugae
782 4458 962 4528 ineptiaeque
980 4459 1045 4512 runt
1065 4457 1210 4515 ridiculae.

122 4559 274 4600 Pnornnrrns.
977 4549 997 4604 l)
