3004 5068
250 316 298 371 Lll
681 314 965 371 PROLEGOMENA.

250 481 333 544 unde
356 484 448 564 patet
471 503 501 544 u,
520 481 562 544 23
586 480 803 545 reuocandum
828 501 897 544 esse
922 479 1035 545 ‘unam
1056 483 1244 555 contentum
1275 479 1416 564 pudeat

222 662 224 666 ¹
250 609 301 651 me
325 587 434 651 uiuere
459 585 604 652 amica?'
628 587 781 651 nimirum
805 591 861 671 aut
883 609 944 672 ego
967 587 1066 652 fallor
1084 591 1141 651 aut
1154 588 1300 673 Augusti
1329 610 1413 652 con·

250 694 325 757 silia
357 693 439 783 legis
471 694 616 777 perlatae
650 694 823 782 seueritate
851 693 994 759 nondum
1020 694 1104 759 fulta
1128 694 1269 759 adiutori
1300 674 1414 760 amici

249 800 380 884 quidam
409 805 640 886 suggesserant
666 801 851 885 Propertio,
881 823 977 886 quarn
1005 824 1120 885 parum
1149 823 1221 864 eum
1245 801 1414 865 decerent

250 907 388 972 conubia
406 908 471 973 ista
488 911 588 993 utque
606 908 789 993 legitimam
803 908 932 973 duceret
951 929 1093 991 uxorem,
1112 929 1184 972 cum
1201 911 1413 990 praesertim

248 1015 314 1078 iarn
339 1015 426 1079 solus
451 1037 490 1078 ex
511 1013 710 1079 Maecenatis
735 1014 949 1079 familiaribus
973 1015 1031 1079 tali
1054 1015 1181 1079 uiueret
1203 1015 1412 1080 condicione

249 1145 393 1208 quaeque
418 1125 493 1187 sunt
515 1122 700 1187 huiusmodi
725 1122 853 1187 similia.
895 1144 977 1205 quae
1001 1125 1174 1206 utcumque
1198 1144 1232 1185 se
1262 1122 1413 1205 habent,

249 1231 280 1294 id
305 1229 434 1313 quidem
457 1230 522 1294 iarn
548 1232 639 1293 extra
662 1228 900 1294 dubitationem
924 1232 974 1293 est
995 1228 1138 1312 positum
1161 1251 1292 1294 carmen
1317 1230 1359 1295 II
1391 1233 1409 1295 7

249 1337 408 1419 temporis
424 1358 549 1419 quoque
564 1335 822 1410 rationehabita
845 1335 928 1400 libro
952 1336 1048 1401 tertio
1072 1337 1299 1400 uindicandum
1316 1359 1411 1402 esse.

336 1442 381 1506 llt
408 1442 488 1506 haec
516 1442 646 1527 quidem
673 1442 839 1508 hactenus.
881 1443 1028 1527 quamuis
1059 1444 1145 1506 enirn
1176 1465 1262 1527 quae
1288 1448 1411 1508 restat

249 1550 398 1635 grauium
422 1549 649 1632 quaestionum
674 1548 713 1613 ad
733 1549 938 1632 Propertium
962 1549 1193 1632 pertinentium
1217 1551 1410 1616 multitudo

249 1657 343 1741 quasi
372 1657 491 1720 inuitet
520 1657 559 1720 ad
588 1678 716 1721 cursum
744 1657 931 1721 institutum
958 1657 1226 1741 persequendum,
1255 1679 1316 1722 nos
1351 1663 1409 1722 ta-

250 1786 322 1828 men
348 1783 432 1827 nunc
456 1763 529 1828 uela
552 1761 772 1828 contrahimus
798 1763 955 1846 litoreque
979 1767 1092 1848 optato
1116 1764 1214 1846 potiti
1239 1786 1409 1830 ancoram

248 1893 393 1934 racrmus.

335 2010 462 2075 Dabam
482 2012 668 2096 Groningae
689 2013 854 2100 mensibus
875 2012 1008 2076 aestiuis
1029 2014 1174 2078 arara
