3052 5044
477 330 675 387 PROPERTII
694 331 761 386 LIB.
781 331 814 388 II.
834 338 876 387 29.

148 498 282 574 rsQuue
306 518 379 562 oum
403 495 553 562 Sidonius
576 498 737 560 nocturne
760 494 917 579 ligamina
940 495 1056 558 mitrae

238 603 392 685 Soluerit,
416 607 513 687 etque
537 602 647 666 oculos
670 601 810 666 mouerit
832 602 889 666 ille
912 621 1044 686 graues,

192 711 370 775 Adflsbunt
393 712 454 776 tib'i
476 732 542 775 non
565 711 711 776 Arabum
735 711 773 774 de
797 710 943 795 gremino
967 710 1096 794 odores,

240 817 301 882 Sed
324 839 404 901 quos
427 817 498 900 ipse
521 817 587 882 suis
613 816 689 880 fecit
710 816 814 881 Amor
837 816 997 880 menibus.

194 926 320 990 Parcite
343 925 423 1007 ium,
445 923 577 987 irenes:
600 923 664 987 ism
688 927 793 988 certos
817 923 956 1007 spondet
979 945 1123 1006 amores,

148 1048 183 1096 20
237 1030 370 1095 Etiam
395 1029 435 1094 ed
458 1031 646 1095 mandatam
668 1032 817 1095 uenimus
840 1053 912 1096 ecce
940 1028 1092 1096 domum?

195 1139 301 1222 Atque
325 1140 373 1202 ite
396 1161 446 1202 me
470 1139 589 1202 iniecto
614 1139 780 1203 soluerunt
803 1161 915 1203 rursus
939 1139 1074 1203 amictu:

239 1244 269 1308 ‘l
291 1267 389 1328 nunc,
414 1249 447 1310 et
469 1249 581 1310 noctes
604 1244 691 1309 disce
715 1266 845 1309 manere
868 1243 975 1309 domi?

192 1350 289 1415 Mene
313 1355 395 1434 eret,
419 1356 452 1416 et
475 1352 577 1434 uolui,
601 1352 628 1415 si
653 1351 723 1415 sola
746 1352 924 1434 quiesceret
947 1350 1016 1426 ille,

237 1457 365 1522 Visere:
389 1461 422 1521 et
443 1458 477 1522 in
500 1458 584 1521 lecto
608 1455 749 1542 Cynthia
773 1458 844 1523 sola
866 1456 935 1528 fuit.

148 1579 182 1628 25
193 1563 368 1648 Obstupui:
391 1586 458 1629 non
481 1564 538 1628 illa
561 1565 640 1628 mihi
664 1565 840 1629 formosior
863 1585 1016 1648 umquam

237 1669 318 1736 Visa
340 1669 471 1755 (neque,
495 1670 620 1734 ostrine
643 1693 714 1736 cum
737 1670 800 1734 fuit
823 1671 855 1733 in
879 1670 1003 1753 tunica,

192 1776 265 1843 Ibat
289 1782 321 1842 et
343 1778 421 1842 hinc
444 1780 555 1854 castae
576 1782 743 1842 narratum
768 1777 894 1842 somnis
917 1775 1050 1859 Vestae,

235 1883 307 1949 Neu
332 1885 396 1949 sibi
418 1905 500 1949 neue
524 1884 604 1948 mihi
628 1906 709 1969 quse
732 1885 880 1948 nocitura
903 1883 1038 1967 forent),

193 1990 305 2067 Qualis
329 1992 402 2056 uiso
425 1991 507 2056 mihi
531 2013 644 2056 somno
668 1991 801 2055 dimissa
824 1992 960 2055 recenti:

150 2114 186 2161 30
239 2097 291 2161 Eu
315 2104 471 2185 quantum
494 2122 552 2184 per
576 2122 609 2164 se
633 2098 768 2164 candida
791 2099 896 2164 forms
919 2098 1020 2163 ualet!

194 2203 291 2280 ‘Quid
313 2210 350 2272 tu
374 2205 563 2272 matutinus'
588 2207 635 2270 eit
658 2205 852 2289 ‘speculator
876 2204 1019 2270 amicae?

238 2311 290 2376 Me
315 2313 454 2378 similem
477 2313 595 2377 uestris
619 2313 764 2376 moribus
789 2333 859 2376 esse
883 2311 1001 2395 putes?

191 2418 266 2483 Non
290 2442 350 2505 ego
373 2424 441 2484 tem
464 2420 583 2484 facilis:
607 2422 658 2484 sat
680 2419 741 2482 erit
764 2419 844 2482 mihi
868 2420 1017 2503 cognitus
1041 2441 1138 2498 unus,

238 2526 300 2590 Vel
324 2529 361 2590 tu
384 2527 436 2590 uel
460 2527 488 2590 si
512 2526 583 2610 quis
606 2526 713 2590 uerior
736 2547 807 2590 esse
830 2528 948 2608 potest.

151 2631 365 2716 35Apperent
386 2655 451 2698 non
475 2633 542 2697 ulls
565 2636 638 2696 toro
661 2631 801 2717 uestigia
823 2654 950 2716 presso,

237 2736 338 2823 Signa
360 2740 552 2823 uoluptatis,
577 2760 635 2802 uec
658 2739 795 2803 iecuisse
820 2738 908 2804 duos.

99 2937 315 2944 *—

174 3054 243 3108 Vsu.
262 3074 336 3109 snos.
376 3059 479 3110 15-18
498 3056 611 3110 aliunde
629 3057 730 3110 inlutos
743 3061 828 3126 putot
846 3055 1041 3125 Fonteiniusu
1065 3061 1097 3110 10
1116 3057 1250 3126 sydoniae

101 3149 127 3196 11
150 3146 160 3212 ΙΙ
185 3150 217 3197 16
241 3143 304 3215 illa]
324 3143 389 3197 inde
413 3145 683 3214 Woardenturpius3
703 3147 796 3200 metim
814 3146 879 3214 igne
907 3148 916 3213 1
945 3152 977 3199 11
1006 3145 1076 3198 Adfl.
1096 3149 1166 3200 HV:
1186 3146 1249 3200 Affl.

102 3286 185 3339 ceteri
213 3286 223 3352 1
246 3290 279 3337 21
298 3299 342 3337 me
361 3283 389 3337 in
408 3284 483 3338 lecto
502 3285 641 3340 duxerunt
659 3291 678 3339 0
697 3247 762 3356 (dix.
782 3289 829 3354 F);
848 3285 951 3342 iniecto
971 3302 1000 3352 ς;
1019 3287 1059 3340 mi
1073 3318 1106 3326 —
1121 3287 1251 3342 dixerunt

102 3374 253 3440 Heinsius,
277 3390 338 3427 oum
363 3378 453 3427 tomen
476 3375 578 3427 amictu
599 3377 743 3442 priuatum
767 3392 820 3430 esse
838 3379 948 3443 poetam
971 3392 1106 3443 nusquam
1130 3376 1249 3444 deputem

99 3464 176 3516 uude
203 3463 347 3516 soluerunt
368 3463 468 3530 scripsi
491 3460 620 3530 (iniectus
646 3463 765 3518 emistus
788 3469 825 3518 est
853 3463 943 3520 nodus
967 3481 993 3516 u.
1016 3466 1059 3532 10)
1091 3465 1100 3532 ΙΙ
1132 3482 1150 3517 u
1169 3481 1196 3518 u.
1216 3471 1249 3518 23

99 3567 205 3605 nouom
223 3553 333 3620 cleptum
352 3552 441 3605 ordiri
459 3552 550 3604 uoluit
568 3550 691 3620 Gupetus
720 3555 730 3622 ΙΙ
757 3559 791 3605 24
810 3555 839 3606 et
857 3568 888 3610 s:
908 3553 975 3605 sto
1002 3553 1012 3620 ΙΙ
1038 3557 1072 3604 15
1093 3551 1203 3622 Ostipui
1221 3559 1250 3621 r,

101 3657 172 3695 corr.
186 3656 238 3709 inp.
253 3657 285 3693 n.
302 3640 345 3707 211
359 3645 393 3693 26
411 3654 463 3692 nec
477 3642 500 3689 V
518 3656 552 3692 ni.
572 3645 591 3694 2
608 3639 613 3709 Ι
628 3641 829 3708 {ostrineVfl
843 3647 876 3694 01
892 3644 963 3693 et28
979 3645 1043 3708 post
1057 3646 1091 3693 40
1105 3644 1251 3710 transponi

100 3729 165 3781 uult
184 3728 349 3782 Fonteinius
374 3728 384 3795 ΙΙ
406 3731 440 3780 11
458 3726 594 3780 narrabat
612 3733 633 3779 r
652 3729 804 3782 narrabunt
820 3731 843 3778 V
861 3745 912 3797 inp.
931 3745 965 3781 in.
986 3734 1005 3783 2
1028 3729 1038 3797 ΙΙ
1060 3734 1094 3782 28
1113 3729 1175 3784 Neu
1193 3735 1251 3783 H

100 3819 136 3883 (V
155 3833 188 3868 m.
207 3817 251 3882 2):
270 3815 334 3869 Non
351 3821 373 3868 11
388 3818 411 3865 1
437 3817 447 3885 n
474 3820 508 3868 29
537 3815 633 3880 Qualis
652 3816 858 3870 Brouthusius:
881 3816 959 3870 Telis
978 3822 1011 3885 0,
1030 3833 1083 3885 quo
1101 3824 1202 3872 retento
1220 3824 1252 3873 ut

97 3920 154 3972 pro
174 3905 203 3956 et
220 3921 247 3958 u.
267 3909 300 3957 11
320 3903 516 3958 Lactmouuus
532 3905 536 3975 Ι
553 3903 668 3958 dimissu
682 3921 711 3963 s:
731 3904 851 3959 demissa
866 3910 885 3958 0
899 3906 909 3973 ΙΙ
923 3911 957 3959 30
977 3906 1019 3959 En
1034 3906 1068 3959 L.
1086 3907 1255 3963 Muellerus:

101 3993 164 4046 Heu
184 3996 202 4045 0
229 3991 252 4046 0
271 3991 440 4046 Sciuaderus
471 3993 481 4060 ΙΙ
508 3999 540 4046 31
562 3991 635 4056 Quid
653 3999 689 4060 1),
703 3996 726 4043 V
744 4010 777 4046 m.
798 4000 827 4047 1:
849 3994 929 4060 Quod
946 3999 967 4046 r
982 3999 1005 4046 11
1024 3996 1059 4064 (et
1076 3998 1099 4045 V
1118 4011 1151 4048 eu
1169 3999 1250 4059 corr.)

102 4083 200 4146 Quos
233 4084 236 4146 Ι
271 4080 417 4134 matutinis
436 4088 458 4132 11
492 4085 496 4148 Ι
530 4080 744 4150 emisenum
762 4085 796 4150 11)
818 4084 828 4152 ΙΙ
855 4089 890 4136 34
908 4083 1010 4138 certior
1028 4084 1162 4137 Heinsius
1184 4085 1194 4151 1
1216 4089 1249 4137 35

101 4170 185 4224 thoro
203 4175 224 4221 12
239 4173 263 4221 01
278 4173 282 4237 t
297 4186 394 4238 pressa
411 4175 432 4221 r
455 4171 465 4238 11
488 4177 522 4224 36
541 4169 696 4238 uoluptatis
715 4178 736 4222 1)
751 4174 788 4225 V:
808 4172 963 4226 uoluntatis
980 4179 1001 4225 1²
1015 4178 1039 4225 11
1057 4171 1211 4226 uolutantis
1229 4177 1250 4224 r

101 4277 136 4313 m.
156 4264 175 4314 2
195 4259 278 4327 (qnod
300 4259 349 4327 qui
374 4259 508 4330 Opnttiue
531 4259 574 4313 oui
596 4260 741 4313 conuenire
762 4266 877 4329 nepent,
902 4276 960 4314 eam
983 4262 1153 4330 contemptim
1176 4263 1251 4330 loqui

102 4347 314 4415 obliuiseuntur)
332 4350 335 4412 Ι
351 4363 403 4400 nee
421 4351 443 4398 V
462 4364 513 4415 me.
533 4365 566 4402 m.
581 4352 616 4415 2,
634 4350 671 4399 Vx
689 4364 745 4402 non
760 4352 791 4415 0,
809 4350 883 4405 unde
900 4349 1054 4406 uolutantis
1074 4350 1246 4409 coniacuissc

101 4435 207 4490 conieci
226 4435 309 4491 Misc.
330 4434 397 4490 orit.
412 4452 443 4506 p,
463 4440 497 4490 9³
