3004 5068
476 337 760 396 Pnonnsonnnn.
1103 337 1196 394 XXXI

63 507 150 587 poeta
170 503 295 568 deriuat
316 502 464 586 potitum.
505 501 643 588 denique
673 523 734 567 nec
756 498 837 566 illud
860 498 939 566 ‘hoo
961 499 1039 566 iter'
1068 524 1088 567 a
1114 501 1196 566 uitio

68 610 184 675 inmune
202 631 272 676 esse
286 612 400 675 contra
413 608 659 674 Lachmannum
673 608 772 674 euicit
785 607 825 672 A.
839 606 1058 693 Kiesslingius
1074 609 1197 694 [progr.

67 715 287 801 Gryphiswald.
310 739 338 782 a.
364 717 450 782 1875
473 739 504 801 p.
528 716 627 801 deq]
661 715 848 800 ceteroquin
879 737 1034 799 peruersa
1065 715 1104 779 de
1135 715 1197 780 hoc

65 824 125 888 loco
155 828 398 890 commentatus.
441 826 549 889 totum
581 822 685 907 igitur
713 843 843 887 uersum
878 822 925 887 sic
956 821 1086 887 refinri:
1119 820 1197 886 ‘huc

65 949 129 994 caro
146 931 184 995 ad
201 931 335 1015 lapides,
353 951 438 1014 cara,
456 929 529 994 uehi
547 926 728 993 memores'.
760 949 838 992 nem
856 928 946 994 uocis
967 925 1067 994 ‘cura'
1087 929 1198 992 littera

64 1036 167 1101 ultima
188 1041 264 1102 ante
288 1035 352 1101 ‘ad'
376 1036 503 1102 abiecta
526 1057 565 1100 ex
589 1033 664 1101 ‘huc
687 1033 755 1099 cur'
780 1035 877 1100 obuia
900 1035 1097 1100 correctione
1115 1035 1197 1100 fece-

62 1147 128 1208 runt
150 1142 221 1208 ‘hoc
244 1141 333 1227 iter'3
363 1145 505 1208 ceterum
529 1141 572 1207 ad
594 1141 869 1207 constructionem
892 1141 978 1227 quod
1001 1141 1133 1226 attinet,
1157 1141 1197 1207 cf.

62 1272 102 1314 ex.
115 1270 158 1333 gr.
172 1249 317 1314 Iustinus
336 1246 372 1312 Π
392 1248 483 1332 12‚2
506 1245 686 1332 ‘symbolos
708 1249 849 1342 proponi
873 1252 905 1314 et
928 1247 1015 1314 saxis
1038 1249 1198 1332 proscribi

62 1354 161 1421 ourat'.
187 1392 222 1402 -
250 1355 307 1420 sed
329 1354 396 1420 iam
419 1354 549 1418 mittam
571 1354 634 1418 hoc
658 1356 877 1439 corruptionis
900 1376 1016 1441 genus,
1039 1377 1103 1440 quo
1127 1377 1196 1420 sae-

61 1462 124 1545 pius
142 1484 256 1528 causas
272 1462 540 1546 deprauationum
559 1462 720 1546 explicare
739 1459 828 1548 (uide
842 1462 938 1528 modo
957 1462 973 1528 I
993 1463 1023 1546 8,
1034 1463 1079 1527 42
1098 1461 1196 1528 ‘amo'

61 1591 110 1652 pro
137 1568 230 1635 ‘ouo'
259 1573 394 1654 propter
420 1592 452 1635 u.
476 1569 533 1652 413
560 1567 657 1652 115,
685 1569 727 1634 33
756 1568 895 1646 ‘Quam'
923 1592 983 1655 pro
1007 1568 1127 1634 ‘Dum'
1155 1571 1197 1636 ob

63 1677 158 1762 u313
189 1676 288 1761 119,
317 1675 358 1741 15
387 1673 564 1752 ‘Quarum'
587 1697 647 1760 pro
676 1674 833 1741 ‘Harum'
862 1677 904 1743 ob
933 1700 964 1742 u.
990 1678 1031 1742 14
1060 1675 1198 1762 ‘Quas')

64 1784 238 1868 saepiusque
260 1783 406 1869 ingratas
436 1782 611 1848 eorundem
634 1783 867 1849 uocabulorum
898 1784 1109 1870 repetitiones
1133 1781 1195 1869 (ex.

63 1909 101 1972 gr.
120 1889 136 1954 1
158 1891 188 1973 8,
210 1889 255 1956 25
279 1893 311 1954 et
334 1889 391 1974 26)
415 1911 583 1955 remouere
606 1889 692 1955 licet.

141 1995 341 2082 Compendia
369 2019 496 2082 quoque
527 2019 592 2062 non
621 1997 788 2063 intellecta
814 1997 901 2063 haud
930 1999 1082 2083 exiguum
1106 1998 1200 2063 uitio-

63 2125 123 2168 rum
154 2126 323 2168 numerum
352 2104 503 2188 genuisse
536 2107 790 2169 consentaneum
820 2107 879 2170 est.
924 2127 1024 2169 unum
1053 2105 1198 2170 adferam

63 2209 166 2296 locum,
189 2212 245 2296 qui
268 2211 410 2296 largiore
433 2210 583 2296 indigeat
604 2210 834 2295 disputatione.
855 2209 888 2275 Il
911 2211 964 2295 34,
987 2213 1029 2277 27
1041 2234 1123 2295 sqq:

141 2335 224 2411 Quid
246 2339 304 2400 tua
327 2332 501 2400 Socraticis
524 2334 587 2399 tibi
608 2356 695 2400 nuno
718 2337 878 2420 sapientia
901 2335 993 2400 libris

183 2441 334 2507 Proderit
357 2444 414 2507 aut
436 2463 544 2506 rerum
567 2441 673 2507 dicere
696 2463 793 2526 posse
816 2442 909 2507 uias?

141 2549 208 2614 Aut
231 2547 308 2633 quid
331 2548 454 2613 crethei
477 2548 539 2612 tibi
562 2552 701 2632 prosunt
721 2549 869 2618 ‚carmina
891 2548 998 2614 lecta?

180 2653 238 2720 Nil
260 2655 352 2720 iuuat
374 2655 409 2719 in
432 2676 553 2740 magno
576 2659 685 2720 uester
708 2677 818 2721 amore
842 2677 948 2721 senex.

62 2777 205 2846 ‘crethei'
237 2783 287 2844 est
316 2779 413 2844 lectio
444 2779 566 2864 prisca,
598 2779 771 2845 ‘erecthei'
799 2780 852 2844 uel
881 2779 1035 2845 ‘erechti'
1064 2782 1199 2847 debetur

61 2885 151 2951 Italis.
187 2887 229 2951 ad
257 2884 344 2970 quod
371 2885 488 2950 uitium
516 2884 695 2950 tollendum
723 2887 757 2950 in
788 2887 867 2951 duas
890 2889 1000 2970 partes
1030 2888 1200 2954 discedunt

62 2991 149 3077 docti3
172 2996 230 3056 aut
243 2991 329 3056 enim
344 2992 576 3077 philosophum
593 2993 732 3077 aliquem
757 2989 807 3079 (ut
823 2992 1049 3076 Epimenidem
1068 2992 1198 3060 Creten·

62 3119 130 3184 sem,
142 3099 327 3182 Epicurum,
346 3095 547 3185 Lucretium)
579 3103 636 3164 aut
663 3121 701 3163 ex
725 3100 830 3183 poetis
854 3097 1033 3166 Homerum
1048 3101 1198 3188 ,Aeschy-

61 3202 158 3270 lumue
193 3203 285 3268 uaria
318 3204 514 3269 conicientes
549 3205 651 3271 latere
684 3209 841 3271 statuunt.
886 3211 1036 3272 neutrum
1067 3210 1200 3291 probari

61 3314 167 3392 potest
202 3309 474 3396 philosophorum
493 3312 614 3378 mentio
638 3313 815 3396 praecessit
837 3317 949 3398 estque
972 3336 1037 3379 uno
1060 3315 1199 3380 disticho

62 3417 132 3483 adeo
158 3419 310 3484 absoluta
337 3422 374 3482 ut
402 3419 429 3482 si
457 3417 531 3483 ‘aut
560 3419 636 3503 quid
663 3419 725 3484 tibi
751 3418 906 3505 prosunt'
934 3401 964 3486 u.
987 3421 1031 3485 29
1059 3421 1198 3506 legimus

63 3526 163 3590 statim
185 3548 308 3590 nouum
328 3525 450 3610 aliquid
469 3525 608 3609 proferri
634 3527 820 3591 sentiamus.
852 3549 954 3611 neque
974 3528 1008 3591 in
1026 3527 1100 3592 illos
1122 3551 1199 3612 qua·

62 3629 127 3696 drat
142 3654 205 3697 uox
224 3630 341 3714 ‘leota'‚
360 3631 475 3697 diurno
495 3633 603 3715 potius
622 3636 844 3717 nocturnoque
865 3633 971 3698 studio
992 3656 1063 3698 cum
1079 3625 1199 3718 scripta

62 3739 246 3821 sapientium
268 3742 399 3803 uersata
417 3745 487 3803 ess‘e
511 3761 530 3803 a
548 3742 647 3822 poeta
665 3739 860 3823 philosopho
880 3763 940 3824 par
959 3741 1012 3806 sit.
1040 3742 1069 3806 ei
1089 3744 1199 3806 autem

62 3845 110 3928 qui
123 3847 159 3910 de
173 3846 341 3911 Musarum
356 3846 577 3910 sacerdotibus
600 3846 667 3910 siue
682 3844 824 3912 Homero
840 3848 908 3912 siue
927 3845 1089 3933 Aeschylo
1108 3847 1199 3934 (nam

61 3949 107 4018 his
132 3953 329 4020 aemulandis
358 3975 491 4037 operam
518 3954 653 4018 nauauit
680 3953 828 4038 Lynceus
857 3955 997 4020 testibus
1025 3978 1077 4019 uu.
1100 3956 1142 4020 41
1168 3958 1201 4018 et

62 4059 126 4146 45),
153 4062 394 4146 cogitauerunt,
424 4064 461 4124 ut
492 4064 524 4124 et
554 4060 617 4143 ipsi
644 4061 794 4125 uoculam
823 4059 939 4125 ‘lecta'
967 4061 1042 4124 huic
1073 4081 1201 4144 quoque

63 4163 314 4252 interpretationi
339 4189 435 4253 quam
457 4165 597 4230 maxime
621 4165 854 4253 obstantem*)‚
877 4167 924 4231 ita
946 4188 1077 4230 uersum
1096 4167 1199 4232 mino·

64 4306 264 4322 -—-—-.-.

125 4379 149 4448 ²)
163 4381 336 4449 quantopere
348 4377 492 4448 opiniones
502 4376 712 4447 praeiudicatae
722 4377 752 4432 in
762 4394 882 4433 errorem
891 4377 1034 4445 inducant,
1047 4377 1131 4433 docet
1141 4376 1200 4432 Bir-

63 4465 112 4522 tius
126 4468 153 4522 in
165 4469 235 4522 Mus.
246 4468 334 4522 Rhen.
346 4467 449 4522 XXXII
464 4485 492 4536 p.
503 4473 555 4522 411
569 4467 640 4522 illud
658 4467 753 4524 ‘lecta’
771 4467 931 4522 coniectura
945 4468 1126 4537 attemptans.
