<?xml version="1.0" encoding="UTF-8"?>
<!DOCTYPE html PUBLIC "-//W3C//DTD XHTML 1.0 Transitional//EN"
    "http://www.w3.org/TR/xhtml1/DTD/xhtml1-transitional.dtd">
<html xmlns="http://www.w3.org/1999/xhtml" xml:lang="en" lang="en">
 <head>
  <title>
</title>
<meta http-equiv="Content-Type" content="text/html;charset=utf-8" />
  <meta name='ocr-system' content='tesseract 3.04.00' />
  <meta name='ocr-capabilities' content='ocr_page ocr_carea ocr_par ocr_line ocrx_word'/>
</head>
<body>
  <div class='ocr_page' id='page_1' title='image "./elegiarumlibrii00propgoog_0028.png"; bbox 0 0 3004 5068; ppageno 0'>
   <div class='ocr_carea' id='block_1_1' title="bbox 493 331 1216 392">
    <p class='ocr_par' dir='ltr' id='par_1_1' title="bbox 493 331 1216 392">
     <span class='ocr_line' id='line_1_1' title="bbox 493 331 1216 392; baseline 0.007 -5"><span class='ocrx_word' id='word_1_1' title='bbox 493 331 777 390; x_wconf 70' lang='lat' dir='ltr'>Protheonem.</span> <span class='ocrx_word' id='word_1_2' title='bbox 1151 335 1216 392; x_wconf 81' lang='lat' dir='ltr'>XXI</span> 
     </span>
    </p>
   </div>
   <div class='ocr_carea' id='block_1_2' title="bbox 68 495 1218 1756">
    <p class='ocr_par' dir='ltr' id='par_1_2' title="bbox 68 495 1218 1756">
     <span class='ocr_line' id='line_1_2' title="bbox 68 495 1217 582; baseline 0.003 -22"><span class='ocrx_word' id='word_1_3' title='bbox 68 498 164 562; x_wconf 90' lang='lat' dir='ltr'>testes</span> <span class='ocrx_word' id='word_1_4' title='bbox 194 497 258 576; x_wconf 89' lang='lat' dir='ltr'>illi,</span> <span class='ocrx_word' id='word_1_5' title='bbox 285 497 449 580; x_wconf 88' lang='lat' dir='ltr'>patienter</span> <span class='ocrx_word' id='word_1_6' title='bbox 475 495 631 562; x_wconf 88' lang='lat' dir='ltr'>ferremus</span> <span class='ocrx_word' id='word_1_7' title='bbox 660 496 806 562; x_wconf 88' lang='lat' dir='ltr'>eodioum</span> <span class='ocrx_word' id='word_1_8' title='bbox 838 498 1047 582; x_wconf 81' lang='lat' dir='ltr'>scripturam,</span> <span class='ocrx_word' id='word_1_9' title='bbox 1074 499 1121 563; x_wconf 88' lang='lat' dir='ltr'>ite</span> <span class='ocrx_word' id='word_1_10' title='bbox 1148 499 1217 564; x_wconf 83' lang='lat' dir='ltr'>eine</span> 
     </span>
     <span class='ocr_line' id='line_1_3' title="bbox 71 601 1217 690; baseline 0.003 -24"><span class='ocrx_word' id='word_1_11' title='bbox 71 601 167 669; x_wconf 81' lang='lat' dir='ltr'>dubio</span> <span class='ocrx_word' id='word_1_12' title='bbox 192 604 264 668; x_wconf 87' lang='lat' dir='ltr'>aliis</span> <span class='ocrx_word' id='word_1_13' title='bbox 288 604 367 669; x_wconf 86' lang='lat' dir='ltr'>loeis</span> <span class='ocrx_word' id='word_1_14' title='bbox 386 601 546 689; x_wconf 86' lang='lat' dir='ltr'>exquisite</span> <span class='ocrx_word' id='word_1_15' title='bbox 565 607 732 670; x_wconf 81' lang='lat' dir='ltr'>cesserunt</span> <span class='ocrx_word' id='word_1_16' title='bbox 753 604 852 690; x_wconf 86' lang='lat' dir='ltr'>tritis,</span> <span class='ocrx_word' id='word_1_17' title='bbox 866 625 948 688; x_wconf 88' lang='lat' dir='ltr'>quae</span> <span class='ocrx_word' id='word_1_18' title='bbox 970 625 1057 670; x_wconf 87' lang='lat' dir='ltr'>nuno</span> <span class='ocrx_word' id='word_1_19' title='bbox 1078 605 1217 671; x_wconf 90' lang='lat' dir='ltr'>tolerare</span> 
     </span>
     <span class='ocr_line' id='line_1_4' title="bbox 70 709 1218 794; baseline 0.003 -21"><span class='ocrx_word' id='word_1_20' title='bbox 70 709 219 776; x_wconf 89' lang='lat' dir='ltr'>dehemus</span> <span class='ocrx_word' id='word_1_21' title='bbox 242 711 465 776; x_wconf 86' lang='lat' dir='ltr'>defieientibus</span> <span class='ocrx_word' id='word_1_22' title='bbox 484 710 588 774; x_wconf 89' lang='lat' dir='ltr'>firmis</span> <span class='ocrx_word' id='word_1_23' title='bbox 609 709 827 794; x_wconf 79' lang='lat' dir='ltr'>suspitionem</span> <span class='ocrx_word' id='word_1_24' title='bbox 847 709 961 775; x_wconf 88' lang='lat' dir='ltr'>oensis.</span> <span class='ocrx_word' id='word_1_25' title='bbox 989 710 1088 776; x_wconf 91' lang='lat' dir='ltr'>uelim</span> <span class='ocrx_word' id='word_1_26' title='bbox 1107 715 1218 776; x_wconf 90' lang='lat' dir='ltr'>tamen</span> 
     </span>
     <span class='ocr_line' id='line_1_5' title="bbox 68 815 1218 903; baseline 0.002 -22"><span class='ocrx_word' id='word_1_27' title='bbox 68 815 141 882; x_wconf 91' lang='lat' dir='ltr'>hine</span> <span class='ocrx_word' id='word_1_28' title='bbox 174 839 301 903; x_wconf 86' lang='lat' dir='ltr'>quoque</span> <span class='ocrx_word' id='word_1_29' title='bbox 329 817 417 884; x_wconf 89' lang='lat' dir='ltr'>doeti</span> <span class='ocrx_word' id='word_1_30' title='bbox 448 817 547 882; x_wconf 90' lang='lat' dir='ltr'>nimis</span> <span class='ocrx_word' id='word_1_31' title='bbox 575 816 661 882; x_wconf 84' lang='lat' dir='ltr'>cauti</span> <span class='ocrx_word' id='word_1_32' title='bbox 692 817 862 902; x_wconf 78' lang='lat' dir='ltr'>timidique</span> <span class='ocrx_word' id='word_1_33' title='bbox 895 817 1022 883; x_wconf 82' lang='lat' dir='ltr'>discant</span> <span class='ocrx_word' id='word_1_34' title='bbox 1044 839 1141 903; x_wconf 85' lang='lat' dir='ltr'>quam</span> <span class='ocrx_word' id='word_1_35' title='bbox 1174 820 1218 884; x_wconf 87' lang='lat' dir='ltr'>sit</span> 
     </span>
     <span class='ocr_line' id='line_1_6' title="bbox 68 922 1216 1008; baseline 0.002 -20"><span class='ocrx_word' id='word_1_36' title='bbox 68 945 252 1006; x_wconf 90' lang='lat' dir='ltr'>peruersum</span> <span class='ocrx_word' id='word_1_37' title='bbox 284 924 381 988; x_wconf 88' lang='lat' dir='ltr'>etiarn</span> <span class='ocrx_word' id='word_1_38' title='bbox 415 923 476 1006; x_wconf 86' lang='lat' dir='ltr'>ibi,</span> <span class='ocrx_word' id='word_1_39' title='bbox 503 922 559 988; x_wconf 92' lang='lat' dir='ltr'>ubi</span> <span class='ocrx_word' id='word_1_40' title='bbox 587 923 683 988; x_wconf 83' lang='lat' dir='ltr'>certis</span> <span class='ocrx_word' id='word_1_41' title='bbox 707 924 759 988; x_wconf 90' lang='lat' dir='ltr'>uel</span> <span class='ocrx_word' id='word_1_42' title='bbox 787 923 1011 1008; x_wconf 80' lang='lat' dir='ltr'>probabilibus</span> <span class='ocrx_word' id='word_1_43' title='bbox 1034 925 1216 990; x_wconf 87' lang='lat' dir='ltr'>rationibus</span> 
     </span>
     <span class='ocr_line' id='line_1_7' title="bbox 70 1029 1216 1116; baseline 0.003 -22"><span class='ocrx_word' id='word_1_44' title='bbox 70 1029 236 1115; x_wconf 72' lang='lat' dir='ltr'>Propertio</span> <span class='ocrx_word' id='word_1_45' title='bbox 258 1030 395 1115; x_wconf 82' lang='lat' dir='ltr'>indigna</span> <span class='ocrx_word' id='word_1_46' title='bbox 423 1029 629 1113; x_wconf 81' lang='lat' dir='ltr'>euincuntur,</span> <span class='ocrx_word' id='word_1_47' title='bbox 659 1029 782 1095; x_wconf 88' lang='lat' dir='ltr'>tradita</span> <span class='ocrx_word' id='word_1_48' title='bbox 804 1030 889 1096; x_wconf 90' lang='lat' dir='ltr'>tueri</span> <span class='ocrx_word' id='word_1_49' title='bbox 917 1031 1026 1115; x_wconf 91' lang='lat' dir='ltr'>potius</span> <span class='ocrx_word' id='word_1_50' title='bbox 1049 1053 1146 1116; x_wconf 89' lang='lat' dir='ltr'>quam</span> <span class='ocrx_word' id='word_1_51' title='bbox 1169 1032 1216 1096; x_wconf 91' lang='lat' dir='ltr'>in-</span> 
     </span>
     <span class='ocr_line' id='line_1_8' title="bbox 69 1135 1215 1222; baseline 0.002 -21"><span class='ocrx_word' id='word_1_52' title='bbox 69 1141 191 1202; x_wconf 88' lang='lat' dir='ltr'>mutata</span> <span class='ocrx_word' id='word_1_53' title='bbox 222 1159 287 1202; x_wconf 90' lang='lat' dir='ltr'>una</span> <span class='ocrx_word' id='word_1_54' title='bbox 320 1135 461 1202; x_wconf 84' lang='lat' dir='ltr'>alteraue</span> <span class='ocrx_word' id='word_1_55' title='bbox 494 1136 640 1202; x_wconf 87' lang='lat' dir='ltr'>litterula</span> <span class='ocrx_word' id='word_1_56' title='bbox 671 1136 759 1203; x_wconf 89' lang='lat' dir='ltr'>bona</span> <span class='ocrx_word' id='word_1_57' title='bbox 788 1137 967 1203; x_wconf 86' lang='lat' dir='ltr'>restituere.</span> <span class='ocrx_word' id='word_1_58' title='bbox 990 1173 1033 1184; x_wconf 93' lang='lat'><em>-</em></span> <span class='ocrx_word' id='word_1_59' title='bbox 1057 1138 1215 1222; x_wconf 89' lang='lat' dir='ltr'>plurimas</span> 
     </span>
     <span class='ocr_line' id='line_1_9' title="bbox 70 1243 1215 1328; baseline 0.002 -20"><span class='ocrx_word' id='word_1_60' title='bbox 70 1247 173 1309; x_wconf 90' lang='lat' dir='ltr'>autem</span> <span class='ocrx_word' id='word_1_61' title='bbox 201 1243 473 1327; x_wconf 76' lang='lat' dir='ltr'>interpolationes</span> <span class='ocrx_word' id='word_1_62' title='bbox 502 1245 536 1308; x_wconf 93' lang='lat' dir='ltr'>in</span> <span class='ocrx_word' id='word_1_63' title='bbox 559 1244 722 1328; x_wconf 78' lang='lat' dir='ltr'>Propertii</span> <span class='ocrx_word' id='word_1_64' title='bbox 745 1247 836 1309; x_wconf 86' lang='lat' dir='ltr'>textu</span> <span class='ocrx_word' id='word_1_65' title='bbox 866 1245 1049 1328; x_wconf 83' lang='lat' dir='ltr'>procreauit</span> <span class='ocrx_word' id='word_1_66' title='bbox 1073 1244 1215 1310; x_wconf 87' lang='lat' dir='ltr'>studium</span> 
     </span>
     <span class='ocr_line' id='line_1_10' title="bbox 70 1349 1216 1436; baseline 0.004 -23"><span class='ocrx_word' id='word_1_67' title='bbox 70 1351 198 1415; x_wconf 79' lang='lat' dir='ltr'>lacunas</span> <span class='ocrx_word' id='word_1_68' title='bbox 218 1349 378 1435; x_wconf 83' lang='lat' dir='ltr'>enplendi.¹</span> <span class='ocrx_word' id='word_1_69' title='bbox 406 1371 605 1435; x_wconf 79' lang='lat' dir='ltr'>praeponam</span> <span class='ocrx_word' id='word_1_70' title='bbox 625 1351 740 1416; x_wconf 82' lang='lat' dir='ltr'>ueteris</span> <span class='ocrx_word' id='word_1_71' title='bbox 765 1351 947 1436; x_wconf 86' lang='lat' dir='ltr'>exemplum</span> <span class='ocrx_word' id='word_1_72' title='bbox 968 1351 1216 1436; x_wconf 84' lang='lat' dir='ltr'>apertissimum.</span> 
     </span>
     <span class='ocr_line' id='line_1_11' title="bbox 70 1455 232 1540; baseline 0.019 -21"><span class='ocrx_word' id='word_1_73' title='bbox 70 1455 101 1520; x_wconf 94' lang='grc' dir='ltr'>ΙΙ</span> <span class='ocrx_word' id='word_1_74' title='bbox 123 1457 175 1540; x_wconf 84' lang='grc'>31,</span> <span class='ocrx_word' id='word_1_75' title='bbox 197 1455 232 1524; x_wconf 84' lang='lat'>5:</span> 
     </span>
     <span class='ocr_line' id='line_1_12' title="bbox 197 1561 1065 1650; baseline 0.005 -22"><span class='ocrx_word' id='word_1_76' title='bbox 197 1561 260 1628; x_wconf 92' lang='lat' dir='ltr'>Hie</span> <span class='ocrx_word' id='word_1_77' title='bbox 284 1563 432 1649; x_wconf 88' lang='lat' dir='ltr'>equidem</span> <span class='ocrx_word' id='word_1_78' title='bbox 455 1562 588 1629; x_wconf 91' lang='lat' dir='ltr'>Phoebo</span> <span class='ocrx_word' id='word_1_79' title='bbox 612 1563 703 1629; x_wconf 88' lang='lat' dir='ltr'>uisus</span> <span class='ocrx_word' id='word_1_80' title='bbox 726 1563 805 1629; x_wconf 92' lang='lat' dir='ltr'>mihi</span> <span class='ocrx_word' id='word_1_81' title='bbox 828 1565 970 1648; x_wconf 81' lang='lat' dir='ltr'>pulcrior</span> <span class='ocrx_word' id='word_1_82' title='bbox 993 1567 1065 1650; x_wconf 89' lang='lat' dir='ltr'>ipso</span> 
     </span>
     <span class='ocr_line' id='line_1_13' title="bbox 247 1669 949 1756; baseline 0.004 -22"><span class='ocrx_word' id='word_1_83' title='bbox 247 1669 451 1736; x_wconf 83' lang='lat' dir='ltr'>Marmoreas</span> <span class='ocrx_word' id='word_1_84' title='bbox 474 1670 576 1735; x_wconf 82' lang='lat' dir='ltr'>tacite</span> <span class='ocrx_word' id='word_1_85' title='bbox 599 1692 731 1736; x_wconf 82' lang='lat' dir='ltr'>carmen</span> <span class='ocrx_word' id='word_1_86' title='bbox 753 1671 844 1737; x_wconf 87' lang='lat' dir='ltr'>hiare</span> <span class='ocrx_word' id='word_1_87' title='bbox 868 1672 949 1756; x_wconf 81' lang='lat' dir='ltr'>lyra.</span> 
     </span>
    </p>
   </div>
   <div class='ocr_carea' id='block_1_3' title="bbox 71 1792 1216 2309">
    <p class='ocr_par' dir='ltr' id='par_1_3' title="bbox 71 1792 1216 2309">
     <span class='ocr_line' id='line_1_14' title="bbox 71 1792 1216 1878; baseline 0.004 -22"><span class='ocrx_word' id='word_1_88' title='bbox 71 1793 99 1856; x_wconf 92' lang='lat' dir='ltr'>id</span> <span class='ocrx_word' id='word_1_89' title='bbox 123 1794 205 1878; x_wconf 93' lang='lat' dir='ltr'>quod</span> <span class='ocrx_word' id='word_1_90' title='bbox 229 1795 279 1860; x_wconf 89' lang='lat' dir='ltr'>est</span> <span class='ocrx_word' id='word_1_91' title='bbox 303 1792 485 1878; x_wconf 74' lang='lat' dir='ltr'>‘equidem’,</span> <span class='ocrx_word' id='word_1_92' title='bbox 507 1797 546 1858; x_wconf 88' lang='lat' dir='ltr'>ut</span> <span class='ocrx_word' id='word_1_93' title='bbox 563 1794 649 1878; x_wconf 87' lang='lat' dir='ltr'>epud</span> <span class='ocrx_word' id='word_1_94' title='bbox 663 1793 828 1860; x_wconf 84' lang='lat' dir='ltr'>Tibullum</span> <span class='ocrx_word' id='word_1_95' title='bbox 843 1794 1048 1878; x_wconf 83' lang='lat' dir='ltr'>Propertium</span> <span class='ocrx_word' id='word_1_96' title='bbox 1064 1795 1216 1862; x_wconf 91' lang='lat' dir='ltr'>Ouidium</span> 
     </span>
     <span class='ocr_line' id='line_1_15' title="bbox 72 1900 1214 1988; baseline 0.005 -24"><span class='ocrx_word' id='word_1_97' title='bbox 72 1900 174 1986; x_wconf 77' lang='lat' dir='ltr'>legere</span> <span class='ocrx_word' id='word_1_98' title='bbox 196 1923 247 1966; x_wconf 89' lang='lat' dir='ltr'>me</span> <span class='ocrx_word' id='word_1_99' title='bbox 269 1921 335 1966; x_wconf 88' lang='lat' dir='ltr'>non</span> <span class='ocrx_word' id='word_1_100' title='bbox 359 1901 501 1987; x_wconf 87' lang='lat' dir='ltr'>memini,</span> <span class='ocrx_word' id='word_1_101' title='bbox 524 1903 571 1967; x_wconf 88' lang='lat' dir='ltr'>ite</span> <span class='ocrx_word' id='word_1_102' title='bbox 589 1923 748 1987; x_wconf 81' lang='lat' dir='ltr'>nusquam</span> <span class='ocrx_word' id='word_1_103' title='bbox 767 1925 787 1968; x_wconf 89' lang='lat' dir='ltr'>a</span> <span class='ocrx_word' id='word_1_104' title='bbox 809 1904 904 1970; x_wconf 91' lang='lat' dir='ltr'>bonis</span> <span class='ocrx_word' id='word_1_105' title='bbox 924 1903 1054 1988; x_wconf 89' lang='lat' dir='ltr'>quidem</span> <span class='ocrx_word' id='word_1_106' title='bbox 1078 1903 1214 1987; x_wconf 80' lang='lat' dir='ltr'>scripto·</span> 
     </span>
     <span class='ocr_line' id='line_1_16' title="bbox 71 2008 1216 2096; baseline 0.005 -26"><span class='ocrx_word' id='word_1_107' title='bbox 71 2008 159 2073; x_wconf 90' lang='lat' dir='ltr'>ribus</span> <span class='ocrx_word' id='word_1_108' title='bbox 180 2029 251 2074; x_wconf 89' lang='lat' dir='ltr'>oum</span> <span class='ocrx_word' id='word_1_109' title='bbox 275 2008 370 2073; x_wconf 87' lang='lat' dir='ltr'>tertie</span> <span class='ocrx_word' id='word_1_110' title='bbox 391 2029 530 2092; x_wconf 86' lang='lat' dir='ltr'>persona</span> <span class='ocrx_word' id='word_1_111' title='bbox 544 2009 766 2094; x_wconf 83' lang='lat' dir='ltr'>ooniungitur;</span> <span class='ocrx_word' id='word_1_112' title='bbox 788 2011 820 2075; x_wconf 94' lang='lat' dir='ltr'>id</span> <span class='ocrx_word' id='word_1_113' title='bbox 835 2010 922 2095; x_wconf 90' lang='lat' dir='ltr'>quod</span> <span class='ocrx_word' id='word_1_114' title='bbox 940 2015 1017 2096; x_wconf 92' lang='lat' dir='ltr'>post</span> <span class='ocrx_word' id='word_1_115' title='bbox 1031 2010 1216 2076; x_wconf 88' lang='lat' dir='ltr'>Bentleium</span> 
     </span>
     <span class='ocr_line' id='line_1_17' title="bbox 72 2113 1215 2201; baseline 0.003 -23"><span class='ocrx_word' id='word_1_116' title='bbox 72 2114 237 2201; x_wconf 83' lang='lat' dir='ltr'>diligenter</span> <span class='ocrx_word' id='word_1_117' title='bbox 255 2118 442 2200; x_wconf 80' lang='lat' dir='ltr'>persecutus</span> <span class='ocrx_word' id='word_1_118' title='bbox 460 2118 511 2180; x_wconf 88' lang='lat' dir='ltr'>est</span> <span class='ocrx_word' id='word_1_119' title='bbox 523 2113 685 2181; x_wconf 89' lang='lat' dir='ltr'>Henrious</span> <span class='ocrx_word' id='word_1_120' title='bbox 700 2115 856 2183; x_wconf 87' lang='lat' dir='ltr'>Iordanus</span> <span class='ocrx_word' id='word_1_121' title='bbox 875 2117 951 2182; x_wconf 88' lang='lat' dir='ltr'>libri</span> <span class='ocrx_word' id='word_1_122' title='bbox 970 2118 1021 2182; x_wconf 89' lang='lat' dir='ltr'>sui</span> <span class='ocrx_word' id='word_1_123' title='bbox 1040 2116 1215 2184; x_wconf 79' lang='lat' dir='ltr'>‘Kritisohe</span> 
     </span>
     <span class='ocr_line' id='line_1_18' title="bbox 74 2219 1216 2309; baseline 0.004 -24"><span class='ocrx_word' id='word_1_124' title='bbox 74 2220 238 2308; x_wconf 84' lang='lat' dir='ltr'>Beitraega</span> <span class='ocrx_word' id='word_1_125' title='bbox 270 2244 296 2286; x_wconf 84' lang='lat' dir='ltr'>n.</span> <span class='ocrx_word' id='word_1_126' title='bbox 321 2220 435 2288; x_wconf 87' lang='lat' dir='ltr'>Gesoh.</span> <span class='ocrx_word' id='word_1_127' title='bbox 458 2221 486 2288; x_wconf 87' lang='lat' dir='ltr'>d</span> <span class='ocrx_word' id='word_1_128' title='bbox 514 2222 571 2288; x_wconf 89' lang='lat' dir='ltr'>lat</span> <span class='ocrx_word' id='word_1_129' title='bbox 600 2219 761 2307; x_wconf 83' lang='lat' dir='ltr'>Spraehe&#39;</span> <span class='ocrx_word' id='word_1_130' title='bbox 788 2222 938 2307; x_wconf 89' lang='lat' dir='ltr'>inseripti</span> <span class='ocrx_word' id='word_1_131' title='bbox 966 2243 1041 2309; x_wconf 83' lang='lat' dir='ltr'>pgg.</span> <span class='ocrx_word' id='word_1_132' title='bbox 1066 2225 1132 2288; x_wconf 88' lang='lat'>314</span> <span class='ocrx_word' id='word_1_133' title='bbox 1146 2245 1216 2309; x_wconf 88' lang='lat' dir='ltr'>sqq.</span> 
     </span>
    </p>
   </div>
   <div class='ocr_carea' id='block_1_4' title="bbox 74 2328 1217 3265">
    <p class='ocr_par' dir='ltr' id='par_1_4' title="bbox 74 2328 1217 3265">
     <span class='ocr_line' id='line_1_19' title="bbox 74 2328 1215 2414; baseline 0.001 -21"><span class='ocrx_word' id='word_1_134' title='bbox 74 2351 130 2394; x_wconf 89' lang='lat' dir='ltr'>neo</span> <span class='ocrx_word' id='word_1_135' title='bbox 144 2328 326 2394; x_wconf 87' lang='lat' dir='ltr'>Marklandi</span> <span class='ocrx_word' id='word_1_136' title='bbox 345 2333 563 2394; x_wconf 82' lang='lat' dir='ltr'>commentum</span> <span class='ocrx_word' id='word_1_137' title='bbox 581 2328 736 2414; x_wconf 80' lang='lat' dir='ltr'>‘quidam&#39;</span> <span class='ocrx_word' id='word_1_138' title='bbox 757 2328 1034 2414; x_wconf 87' lang='lat' dir='ltr'>hodiequisquem</span> <span class='ocrx_word' id='word_1_139' title='bbox 1052 2329 1215 2412; x_wconf 88' lang='lat' dir='ltr'>probabit,</span> 
     </span>
     <span class='ocr_line' id='line_1_20' title="bbox 74 2434 1214 2522; baseline 0 -22"><span class='ocrx_word' id='word_1_140' title='bbox 74 2439 239 2520; x_wconf 87' lang='lat' dir='ltr'>postquam</span> <span class='ocrx_word' id='word_1_141' title='bbox 273 2435 468 2502; x_wconf 84' lang='lat' dir='ltr'>scholiastae</span> <span class='ocrx_word' id='word_1_142' title='bbox 502 2434 677 2522; x_wconf 83' lang='lat' dir='ltr'>Oruquiani</span> <span class='ocrx_word' id='word_1_143' title='bbox 710 2435 769 2517; x_wconf 90' lang='lat' dir='ltr'>[ad</span> <span class='ocrx_word' id='word_1_144' title='bbox 795 2435 874 2502; x_wconf 91' lang='lat' dir='ltr'>Hor.</span> <span class='ocrx_word' id='word_1_145' title='bbox 902 2437 996 2522; x_wconf 86' lang='lat' dir='ltr'>epist</span> <span class='ocrx_word' id='word_1_146' title='bbox 1024 2435 1041 2500; x_wconf 93' lang='lat' dir='ltr'>I</span> <span class='ocrx_word' id='word_1_147' title='bbox 1071 2437 1125 2522; x_wconf 87' lang='lat'>13,</span> <span class='ocrx_word' id='word_1_148' title='bbox 1155 2437 1214 2517; x_wconf 77' lang='lat'>17]</span> 
     </span>
     <span class='ocr_line' id='line_1_21' title="bbox 77 2541 1216 2626; baseline 0.004 -22"><span class='ocrx_word' id='word_1_149' title='bbox 77 2541 290 2607; x_wconf 83' lang='lat' dir='ltr'>narrationem</span> <span class='ocrx_word' id='word_1_150' title='bbox 320 2545 357 2606; x_wconf 90' lang='lat' dir='ltr'>ut</span> <span class='ocrx_word' id='word_1_151' title='bbox 388 2541 534 2608; x_wconf 82' lang='lat' dir='ltr'>fabulam</span> <span class='ocrx_word' id='word_1_152' title='bbox 567 2542 686 2608; x_wconf 86' lang='lat' dir='ltr'>anilem</span> <span class='ocrx_word' id='word_1_153' title='bbox 717 2545 804 2607; x_wconf 91' lang='lat' dir='ltr'>reete</span> <span class='ocrx_word' id='word_1_154' title='bbox 835 2546 1044 2626; x_wconf 81' lang='lat' dir='ltr'>spreuerunt3</span> <span class='ocrx_word' id='word_1_155' title='bbox 1077 2545 1111 2606; x_wconf 90' lang='lat' dir='ltr'>et</span> <span class='ocrx_word' id='word_1_156' title='bbox 1137 2564 1216 2608; x_wconf 87' lang='lat' dir='ltr'>uoee</span> 
     </span>
     <span class='ocr_line' id='line_1_22' title="bbox 78 2645 1217 2734; baseline 0.001 -21"><span class='ocrx_word' id='word_1_157' title='bbox 78 2645 233 2731; x_wconf 74' lang='lat' dir='ltr'>‘quidam&#39;</span> <span class='ocrx_word' id='word_1_158' title='bbox 270 2648 486 2714; x_wconf 88' lang='lat' dir='ltr'>inuereounde</span> <span class='ocrx_word' id='word_1_159' title='bbox 524 2648 712 2733; x_wconf 84' lang='lat' dir='ltr'>designatur</span> <span class='ocrx_word' id='word_1_160' title='bbox 747 2646 924 2733; x_wconf 80' lang='lat' dir='ltr'>Augustus.</span> <span class='ocrx_word' id='word_1_161' title='bbox 971 2649 1217 2734; x_wconf 83' lang='lat' dir='ltr'>elegantissima</span> 
     </span>
     <span class='ocr_line' id='line_1_23' title="bbox 74 2751 1214 2840; baseline 0.004 -22"><span class='ocrx_word' id='word_1_162' title='bbox 74 2757 175 2820; x_wconf 88' lang='lat' dir='ltr'>eutem</span> <span class='ocrx_word' id='word_1_163' title='bbox 190 2753 386 2840; x_wconf 80' lang='lat' dir='ltr'>coniectura,</span> <span class='ocrx_word' id='word_1_164' title='bbox 409 2755 486 2820; x_wconf 87' lang='lat' dir='ltr'>lieet</span> <span class='ocrx_word' id='word_1_165' title='bbox 503 2755 616 2822; x_wconf 90' lang='lat' dir='ltr'>timide</span> <span class='ocrx_word' id='word_1_166' title='bbox 635 2753 773 2838; x_wconf 87' lang='lat' dir='ltr'>prolata,</span> <span class='ocrx_word' id='word_1_167' title='bbox 794 2751 980 2820; x_wconf 86' lang='lat' dir='ltr'>Hoeufftius</span> <span class='ocrx_word' id='word_1_168' title='bbox 1006 2754 1120 2834; x_wconf 89' lang='lat' dir='ltr'>[Pario.</span> <span class='ocrx_word' id='word_1_169' title='bbox 1135 2751 1214 2822; x_wconf 82' lang='lat' dir='ltr'>Orit.</span> 
     </span>
     <span class='ocr_line' id='line_1_24' title="bbox 74 2859 1214 2945; baseline -0.002 -19"><span class='ocrx_word' id='word_1_170' title='bbox 74 2882 101 2943; x_wconf 91' lang='lat' dir='ltr'>p.</span> <span class='ocrx_word' id='word_1_171' title='bbox 115 2862 168 2944; x_wconf 88' lang='grc'>38]</span> <span class='ocrx_word' id='word_1_172' title='bbox 191 2859 331 2926; x_wconf 88' lang='lat' dir='ltr'>reddidit</span> <span class='ocrx_word' id='word_1_173' title='bbox 353 2865 484 2944; x_wconf 89' lang='lat' dir='ltr'>poetae:</span> <span class='ocrx_word' id='word_1_174' title='bbox 514 2860 583 2926; x_wconf 77' lang='lat' dir='ltr'>‘hio</span> <span class='ocrx_word' id='word_1_175' title='bbox 604 2859 746 2928; x_wconf 81' lang='lat' dir='ltr'>Phoebus</span> <span class='ocrx_word' id='word_1_176' title='bbox 767 2859 899 2926; x_wconf 90' lang='lat' dir='ltr'>Phoebo</span> <span class='ocrx_word' id='word_1_177' title='bbox 927 2861 1017 2926; x_wconf 89' lang='lat' dir='ltr'>uisus</span> <span class='ocrx_word' id='word_1_178' title='bbox 1040 2860 1122 2926; x_wconf 90' lang='lat' dir='ltr'>mihi</span> <span class='ocrx_word' id='word_1_179' title='bbox 1144 2861 1214 2945; x_wconf 88' lang='lat' dir='ltr'>pul-</span> 
     </span>
     <span class='ocr_line' id='line_1_25' title="bbox 74 2966 1214 3053; baseline 0 -21"><span class='ocrx_word' id='word_1_180' title='bbox 74 2969 152 3034; x_wconf 87' lang='lat' dir='ltr'>erior</span> <span class='ocrx_word' id='word_1_181' title='bbox 172 2966 271 3053; x_wconf 88' lang='lat' dir='ltr'>ipso&#39;.</span> <span class='ocrx_word' id='word_1_182' title='bbox 308 2967 458 3032; x_wconf 89' lang='lat' dir='ltr'>manibus</span> <span class='ocrx_word' id='word_1_183' title='bbox 482 2971 573 3034; x_wconf 89' lang='lat' dir='ltr'>tenes</span> <span class='ocrx_word' id='word_1_184' title='bbox 596 2966 883 3050; x_wconf 82' lang='lat' dir='ltr'>interpolationem</span> <span class='ocrx_word' id='word_1_185' title='bbox 906 2971 976 3033; x_wconf 91' lang='lat' dir='ltr'>tum</span> <span class='ocrx_word' id='word_1_186' title='bbox 999 2967 1135 3050; x_wconf 85' lang='lat' dir='ltr'>saetam,</span> <span class='ocrx_word' id='word_1_187' title='bbox 1158 2968 1214 3032; x_wconf 91' lang='lat' dir='ltr'>ubi</span> 
     </span>
     <span class='ocr_line' id='line_1_26' title="bbox 75 3072 1215 3160; baseline 0.002 -22"><span class='ocrx_word' id='word_1_188' title='bbox 75 3072 248 3140; x_wconf 74' lang='lat' dir='ltr'>‘Phoebus&#39;</span> <span class='ocrx_word' id='word_1_189' title='bbox 273 3077 349 3140; x_wconf 87' lang='lat' dir='ltr'>ante</span> <span class='ocrx_word' id='word_1_190' title='bbox 373 3095 487 3140; x_wconf 86' lang='lat' dir='ltr'>uocem</span> <span class='ocrx_word' id='word_1_191' title='bbox 517 3075 766 3159; x_wconf 86' lang='lat' dir='ltr'>subsequentem</span> <span class='ocrx_word' id='word_1_192' title='bbox 790 3074 896 3160; x_wconf 89' lang='lat' dir='ltr'>periit.</span> <span class='ocrx_word' id='word_1_193' title='bbox 934 3074 1084 3140; x_wconf 87' lang='lat' dir='ltr'>similiter</span> <span class='ocrx_word' id='word_1_194' title='bbox 1106 3079 1215 3140; x_wconf 86' lang='lat' dir='ltr'>autem</span> 
     </span>
     <span class='ocr_line' id='line_1_27' title="bbox 75 3179 773 3265; baseline 0 -19"><span class='ocrx_word' id='word_1_195' title='bbox 75 3179 231 3264; x_wconf 78' lang='lat' dir='ltr'>‘quidem&#39;</span> <span class='ocrx_word' id='word_1_196' title='bbox 254 3179 452 3248; x_wconf 76' lang='lat' dir='ltr'>inculcatum</span> <span class='ocrx_word' id='word_1_197' title='bbox 476 3185 525 3248; x_wconf 87' lang='lat' dir='ltr'>est</span> <span class='ocrx_word' id='word_1_198' title='bbox 547 3181 580 3246; x_wconf 93' lang='grc' dir='ltr'>Π</span> <span class='ocrx_word' id='word_1_199' title='bbox 603 3182 634 3265; x_wconf 86' lang='grc'>3,</span> <span class='ocrx_word' id='word_1_200' title='bbox 656 3181 698 3246; x_wconf 87' lang='lat'>39</span> <span class='ocrx_word' id='word_1_201' title='bbox 715 3202 773 3264; x_wconf 65' lang='lat' dir='ltr'>squ</span> 
     </span>
    </p>
   </div>
   <div class='ocr_carea' id='block_1_5' title="bbox 200 3303 1146 3494">
    <p class='ocr_par' dir='ltr' id='par_1_5' title="bbox 200 3303 1146 3494">
     <span class='ocr_line' id='line_1_28' title="bbox 200 3303 1146 3391; baseline -0.003 -20"><span class='ocrx_word' id='word_1_202' title='bbox 200 3305 311 3391; x_wconf 80' lang='lat' dir='ltr'>Digna</span> <span class='ocrx_word' id='word_1_203' title='bbox 334 3304 463 3390; x_wconf 90' lang='lat' dir='ltr'>quidem</span> <span class='ocrx_word' id='word_1_204' title='bbox 487 3305 602 3390; x_wconf 79' lang='lat' dir='ltr'>lenies,</span> <span class='ocrx_word' id='word_1_205' title='bbox 624 3325 683 3388; x_wconf 93' lang='lat' dir='ltr'>pro</span> <span class='ocrx_word' id='word_1_206' title='bbox 708 3326 773 3389; x_wconf 89' lang='lat' dir='ltr'>qua</span> <span class='ocrx_word' id='word_1_207' title='bbox 795 3303 847 3368; x_wconf 88' lang='lat' dir='ltr'>uel</span> <span class='ocrx_word' id='word_1_208' title='bbox 871 3303 978 3370; x_wconf 87' lang='lat' dir='ltr'>obiret</span> <span class='ocrx_word' id='word_1_209' title='bbox 1000 3304 1146 3370; x_wconf 81' lang='lat' dir='ltr'>Achilles</span> 
     </span>
     <span class='ocr_line' id='line_1_29' title="bbox 248 3410 999 3494; baseline 0 -18"><span class='ocrx_word' id='word_1_210' title='bbox 248 3411 311 3476; x_wconf 91' lang='lat' dir='ltr'>Vel</span> <span class='ocrx_word' id='word_1_211' title='bbox 332 3410 494 3477; x_wconf 87' lang='lat' dir='ltr'>Priamus:</span> <span class='ocrx_word' id='word_1_212' title='bbox 519 3411 596 3476; x_wconf 89' lang='lat' dir='ltr'>belli</span> <span class='ocrx_word' id='word_1_213' title='bbox 619 3431 716 3476; x_wconf 84' lang='lat' dir='ltr'>causa</span> <span class='ocrx_word' id='word_1_214' title='bbox 738 3410 906 3494; x_wconf 91' lang='lat' dir='ltr'>probanda</span> <span class='ocrx_word' id='word_1_215' title='bbox 928 3410 999 3476; x_wconf 88' lang='lat' dir='ltr'>fuit.</span> 
     </span>
    </p>
   </div>
   <div class='ocr_carea' id='block_1_6' title="bbox 74 3531 1216 4259">
    <p class='ocr_par' dir='ltr' id='par_1_6' title="bbox 74 3531 1216 4259">
     <span class='ocr_line' id='line_1_30' title="bbox 74 3531 1215 3620; baseline -0.003 -21"><span class='ocrx_word' id='word_1_216' title='bbox 74 3537 99 3601; x_wconf 92' lang='lat' dir='ltr'>is</span> <span class='ocrx_word' id='word_1_217' title='bbox 121 3542 168 3604; x_wconf 88' lang='lat' dir='ltr'>est</span> <span class='ocrx_word' id='word_1_218' title='bbox 193 3538 312 3602; x_wconf 94' lang='lat' dir='ltr'>horum</span> <span class='ocrx_word' id='word_1_219' title='bbox 340 3535 514 3602; x_wconf 89' lang='lat' dir='ltr'>uerborum</span> <span class='ocrx_word' id='word_1_220' title='bbox 541 3557 643 3600; x_wconf 87' lang='lat' dir='ltr'>nexus</span> <span class='ocrx_word' id='word_1_221' title='bbox 671 3536 708 3598; x_wconf 92' lang='lat' dir='ltr'>ut</span> <span class='ocrx_word' id='word_1_222' title='bbox 732 3553 813 3617; x_wconf 89' lang='lat' dir='ltr'>quae</span> <span class='ocrx_word' id='word_1_223' title='bbox 840 3555 870 3599; x_wconf 91' lang='lat' dir='ltr'>u.</span> <span class='ocrx_word' id='word_1_224' title='bbox 894 3531 936 3597; x_wconf 85' lang='lat'>39</span> <span class='ocrx_word' id='word_1_225' title='bbox 964 3533 1118 3620; x_wconf 86' lang='lat' dir='ltr'>leguntur</span> <span class='ocrx_word' id='word_1_226' title='bbox 1147 3553 1215 3597; x_wconf 89' lang='lat' dir='ltr'>non</span> 
     </span>
     <span class='ocr_line' id='line_1_31' title="bbox 75 3639 1214 3726; baseline -0.007 -15"><span class='ocrx_word' id='word_1_227' title='bbox 75 3645 193 3726; x_wconf 85' lang='lat' dir='ltr'>possint</span> <span class='ocrx_word' id='word_1_228' title='bbox 215 3664 282 3716; x_wconf 87' lang='lat' dir='ltr'>non</span> <span class='ocrx_word' id='word_1_229' title='bbox 305 3643 419 3708; x_wconf 88' lang='lat' dir='ltr'>referri</span> <span class='ocrx_word' id='word_1_230' title='bbox 444 3642 484 3707; x_wconf 86' lang='lat' dir='ltr'>ed</span> <span class='ocrx_word' id='word_1_231' title='bbox 507 3640 682 3724; x_wconf 88' lang='lat' dir='ltr'>Helenam,</span> <span class='ocrx_word' id='word_1_232' title='bbox 704 3642 817 3705; x_wconf 86' lang='lat' dir='ltr'>eontra</span> <span class='ocrx_word' id='word_1_233' title='bbox 840 3643 981 3704; x_wconf 89' lang='lat' dir='ltr'>mentem</span> <span class='ocrx_word' id='word_1_234' title='bbox 1005 3642 1135 3723; x_wconf 81' lang='lat' dir='ltr'>poetae,</span> <span class='ocrx_word' id='word_1_235' title='bbox 1158 3639 1214 3723; x_wconf 91' lang='lat' dir='ltr'>qui</span> 
     </span>
     <span class='ocr_line' id='line_1_32' title="bbox 75 3745 1213 3836; baseline -0.005 -20"><span class='ocrx_word' id='word_1_236' title='bbox 75 3749 209 3836; x_wconf 80' lang='lat' dir='ltr'>Cynthia</span> <span class='ocrx_word' id='word_1_237' title='bbox 231 3749 337 3835; x_wconf 89' lang='lat' dir='ltr'>perire</span> <span class='ocrx_word' id='word_1_238' title='bbox 364 3747 509 3834; x_wconf 78' lang='lat' dir='ltr'>pulcrius</span> <span class='ocrx_word' id='word_1_239' title='bbox 532 3748 677 3812; x_wconf 89' lang='lat' dir='ltr'>futurum</span> <span class='ocrx_word' id='word_1_240' title='bbox 707 3747 807 3810; x_wconf 86' lang='lat' dir='ltr'>fuisse</span> <span class='ocrx_word' id='word_1_241' title='bbox 830 3746 945 3811; x_wconf 81' lang='lat' dir='ltr'>Troiae</span> <span class='ocrx_word' id='word_1_242' title='bbox 969 3745 1066 3810; x_wconf 92' lang='lat' dir='ltr'>modo</span> <span class='ocrx_word' id='word_1_243' title='bbox 1094 3745 1213 3810; x_wconf 81' lang='lat' dir='ltr'>indice-</span> 
     </span>
     <span class='ocr_line' id='line_1_33' title="bbox 76 3851 1214 3943; baseline -0.005 -21"><span class='ocrx_word' id='word_1_244' title='bbox 76 3864 167 3925; x_wconf 87' lang='lat' dir='ltr'>uerat.</span> <span class='ocrx_word' id='word_1_245' title='bbox 189 3859 300 3943; x_wconf 89' lang='lat' dir='ltr'>itaque</span> <span class='ocrx_word' id='word_1_246' title='bbox 323 3860 495 3942; x_wconf 88' lang='lat' dir='ltr'>postquem</span> <span class='ocrx_word' id='word_1_247' title='bbox 519 3876 553 3919; x_wconf 90' lang='lat' dir='ltr'>se</span> <span class='ocrx_word' id='word_1_248' title='bbox 575 3853 764 3937; x_wconf 87' lang='lat' dir='ltr'>intellegere</span> <span class='ocrx_word' id='word_1_249' title='bbox 785 3853 913 3937; x_wconf 86' lang='lat' dir='ltr'>quidem</span> <span class='ocrx_word' id='word_1_250' title='bbox 928 3852 1018 3937; x_wconf 89' lang='lat' dir='ltr'>dixit,</span> <span class='ocrx_word' id='word_1_251' title='bbox 1037 3873 1092 3918; x_wconf 88' lang='lat' dir='ltr'>our</span> <span class='ocrx_word' id='word_1_252' title='bbox 1106 3851 1214 3917; x_wconf 92' lang='lat' dir='ltr'>Mene-</span> 
     </span>
     <span class='ocr_line' id='line_1_34' title="bbox 75 3957 1216 4044; baseline -0.004 -18"><span class='ocrx_word' id='word_1_253' title='bbox 75 3963 138 4030; x_wconf 87' lang='lat' dir='ltr'>laus</span> <span class='ocrx_word' id='word_1_254' title='bbox 165 3965 343 4030; x_wconf 86' lang='lat' dir='ltr'>formosam</span> <span class='ocrx_word' id='word_1_255' title='bbox 371 3983 504 4029; x_wconf 86' lang='lat' dir='ltr'>uxorem</span> <span class='ocrx_word' id='word_1_256' title='bbox 532 3957 733 4044; x_wconf 86' lang='lat' dir='ltr'>reflagiteret</span> <span class='ocrx_word' id='word_1_257' title='bbox 759 3957 916 4044; x_wconf 88' lang='lat' dir='ltr'>Parisque</span> <span class='ocrx_word' id='word_1_258' title='bbox 945 3958 1076 4023; x_wconf 89' lang='lat' dir='ltr'>reddere</span> <span class='ocrx_word' id='word_1_259' title='bbox 1108 3958 1216 4042; x_wconf 84' lang='lat' dir='ltr'>nollet,</span> 
     </span>
     <span class='ocr_line' id='line_1_35' title="bbox 77 4064 1214 4149; baseline -0.003 -15"><span class='ocrx_word' id='word_1_260' title='bbox 77 4070 134 4136; x_wconf 91' lang='lat' dir='ltr'>iam</span> <span class='ocrx_word' id='word_1_261' title='bbox 156 4071 242 4137; x_wconf 80' lang='lat' dir='ltr'>iuste</span> <span class='ocrx_word' id='word_1_262' title='bbox 266 4070 307 4135; x_wconf 92' lang='lat' dir='ltr'>ad</span> <span class='ocrx_word' id='word_1_263' title='bbox 330 4067 436 4134; x_wconf 90' lang='lat' dir='ltr'>maius</span> <span class='ocrx_word' id='word_1_264' title='bbox 460 4066 669 4132; x_wconf 82' lang='lat' dir='ltr'>adscensione</span> <span class='ocrx_word' id='word_1_265' title='bbox 688 4084 823 4149; x_wconf 81' lang='lat' dir='ltr'>pergere</span> <span class='ocrx_word' id='word_1_266' title='bbox 838 4064 959 4148; x_wconf 83' lang='lat' dir='ltr'>debuit,</span> <span class='ocrx_word' id='word_1_267' title='bbox 983 4064 1086 4130; x_wconf 89' lang='lat' dir='ltr'>solam</span> <span class='ocrx_word' id='word_1_268' title='bbox 1106 4069 1214 4132; x_wconf 88' lang='lat' dir='ltr'>temen</span> 
     </span>
     <span class='ocr_line' id='line_1_36' title="bbox 79 4170 1215 4259; baseline -0.004 -19"><span class='ocrx_word' id='word_1_269' title='bbox 79 4174 243 4259; x_wconf 79' lang='lat' dir='ltr'>Cynthium</span> <span class='ocrx_word' id='word_1_270' title='bbox 269 4196 345 4242; x_wconf 89' lang='lat' dir='ltr'>uere</span> <span class='ocrx_word' id='word_1_271' title='bbox 374 4174 507 4259; x_wconf 78' lang='lat' dir='ltr'>dignam</span> <span class='ocrx_word' id='word_1_272' title='bbox 535 4195 618 4256; x_wconf 89' lang='lat' dir='ltr'>esse,</span> <span class='ocrx_word' id='word_1_273' title='bbox 646 4195 706 4256; x_wconf 90' lang='lat' dir='ltr'>pro</span> <span class='ocrx_word' id='word_1_274' title='bbox 733 4193 798 4255; x_wconf 86' lang='lat' dir='ltr'>qua</span> <span class='ocrx_word' id='word_1_275' title='bbox 826 4175 858 4235; x_wconf 91' lang='lat' dir='ltr'>et</span> <span class='ocrx_word' id='word_1_276' title='bbox 887 4170 1020 4236; x_wconf 91' lang='lat' dir='ltr'>iuuenes</span> <span class='ocrx_word' id='word_1_277' title='bbox 1049 4176 1081 4234; x_wconf 89' lang='lat' dir='ltr'>et</span> <span class='ocrx_word' id='word_1_278' title='bbox 1112 4191 1215 4255; x_wconf 88' lang='lat' dir='ltr'>senes,</span> 
     </span>
    </p>
   </div>
   <div class='ocr_carea' id='block_1_7' title="bbox 80 4363 1215 4530">
    <p class='ocr_par' dir='ltr' id='par_1_7' title="bbox 80 4363 1215 4530">
     <span class='ocr_line' id='line_1_37' title="bbox 80 4363 1215 4436; baseline 0.001 -15"><span class='ocrx_word' id='word_1_279' title='bbox 80 4383 156 4424; x_wconf 84' lang='lat' dir='ltr'>eausa</span> <span class='ocrx_word' id='word_1_280' title='bbox 176 4368 252 4424; x_wconf 89' lang='lat' dir='ltr'>inter</span> <span class='ocrx_word' id='word_1_281' title='bbox 274 4366 357 4435; x_wconf 83' lang='lat' dir='ltr'>alias,</span> <span class='ocrx_word' id='word_1_282' title='bbox 383 4381 431 4421; x_wconf 86' lang='lat' dir='ltr'>eur</span> <span class='ocrx_word' id='word_1_283' title='bbox 449 4381 560 4422; x_wconf 79' lang='lat' dir='ltr'>carmen</span> <span class='ocrx_word' id='word_1_284' title='bbox 583 4367 698 4436; x_wconf 75' lang='lat' dir='ltr'>elegans</span> <span class='ocrx_word' id='word_1_285' title='bbox 719 4365 771 4419; x_wconf 77' lang='lat' dir='ltr'>‘de</span> <span class='ocrx_word' id='word_1_286' title='bbox 790 4363 947 4419; x_wconf 83' lang='lat' dir='ltr'>mensibus&#39;</span> <span class='ocrx_word' id='word_1_287' title='bbox 970 4363 1059 4434; x_wconf 88' lang='lat' dir='ltr'>[Poet.</span> <span class='ocrx_word' id='word_1_288' title='bbox 1079 4363 1128 4420; x_wconf 86' lang='lat' dir='ltr'>lat</span> <span class='ocrx_word' id='word_1_289' title='bbox 1148 4363 1215 4422; x_wconf 87' lang='lat' dir='ltr'>min.</span> 
     </span>
     <span class='ocr_line' id='line_1_38' title="bbox 80 4453 1054 4530; baseline -0.001 -21"><span class='ocrx_word' id='word_1_290' title='bbox 80 4456 151 4530; x_wconf 77' lang='lat'>112]</span> <span class='ocrx_word' id='word_1_291' title='bbox 170 4474 272 4514; x_wconf 89' lang='lat' dir='ltr'>aeuum</span> <span class='ocrx_word' id='word_1_292' title='bbox 290 4457 467 4526; x_wconf 80' lang='lat' dir='ltr'>Augusteum</span> <span class='ocrx_word' id='word_1_293' title='bbox 485 4472 568 4525; x_wconf 87' lang='lat' dir='ltr'>quam</span> <span class='ocrx_word' id='word_1_294' title='bbox 586 4453 714 4524; x_wconf 85' lang='lat' dir='ltr'>proxime</span> <span class='ocrx_word' id='word_1_295' title='bbox 733 4453 873 4523; x_wconf 80' lang='lat' dir='ltr'>attingere</span> <span class='ocrx_word' id='word_1_296' title='bbox 892 4453 1054 4508; x_wconf 84' lang='lat' dir='ltr'>statuerem.</span> 
     </span>
    </p>
   </div>
   <div class='ocr_carea' id='block_1_8' title="bbox 0 0 1517 5068">
    <p class='ocr_par' dir='ltr' id='par_1_8' title="bbox 0 0 1517 5068">
     <span class='ocr_line' id='line_1_39' title="bbox 0 0 1517 5068; baseline 0 0"><span class='ocrx_word' id='word_1_297' title='bbox 0 0 1517 5068; x_wconf 95' lang='lat' dir='ltr'> </span> 
     </span>
    </p>
   </div>
  </div>
 </body>
</html>
