3004 5068
480 342 765 400 PROLEGOMENA.
1097 346 1204 402 XXVII

53 505 124 590 gine
149 507 221 572 siue
243 507 329 572 inter
351 507 454 572 lineas
479 507 630 591 adposita
652 507 811 591 irrepsere
834 508 868 572 in
886 510 1020 574 textum.
1049 507 1130 574 sicl
1153 511 1203 594 18,

56 611 94 676 15
118 611 258 678 ‘flendo’
282 614 323 680 ad
346 636 376 678 u.
394 614 444 699 16,
468 613 514 679 sic
537 613 571 678 II
597 613 682 698 14,6
706 613 821 679 ‘soror'
845 614 886 679 ad
909 637 1024 681 uocem
1047 615 1201 682 ‘Electra'

54 719 218 805 adscripta
241 721 390 806 expulere
413 721 587 806 genuinam
610 721 796 806 lectionem3
824 723 870 787 sic
892 721 941 787 IV
964 723 999 805 4,
1022 723 1064 788 47
1094 724 1203 808 glossa

55 826 189 914 ‘pugna'
204 850 303 912 supra
318 826 522 894 ‘cessabitur'
538 826 648 894 addita
662 827 788 913 peperit
807 828 954 911 ineptum
969 827 1049 893 illud
1069 829 1203 915 ‘pugna-

54 935 164 1000 bitur'.
205 957 268 1021 quo
292 933 405 1000 eodem
432 932 575 998 remedio
604 935 697 998 caute
721 931 867 1001 adhibito
897 955 963 1000 non
987 935 1099 1002 dubito
1123 939 1203 1023 quin

54 1042 228 1106 nonnullae
261 1040 464 1124 corruptelae
497 1039 664 1125 grauiores
695 1038 768 1104 tclli
799 1039 935 1123 possint
981 1064 1085 1126 pauca
1119 1044 1202 1110 dabo

57 1147 209 1231 exempla.
245 1146 472 1232 111,1-4:

187 1271 313 1356 Ecquid
335 1274 368 1336 te
391 1271 506 1336 mediis
529 1274 719 1355 cessantem,
742 1269 892 1357 Cynthia,
915 1271 1004 1358 Bais,

236 1377 308 1454 Qua
330 1377 415 1444 iacet
437 1376 605 1442 Herculeis
629 1377 744 1444 semita
766 1378 927 1458 litoribus,

187 1483 232 1549 Et
255 1484 352 1550 modo
375 1483 550 1569 Thesproti
572 1484 744 1548 mirantem
768 1484 899 1549 subdite
921 1507 1022 1572 regno

235 1592 388 1658 Proxima
410 1591 545 1657 Misenis
569 1612 709 1676 aequora
732 1592 902 1658 nobilibus·
921 1615 988 1679 eqs.

58 1739 150 1782 uersu
163 1717 280 1782 ultimo
295 1717 445 1803 egregiae
461 1714 619 1802 Scaligeri
634 1717 853 1782 emendationi
873 1718 1025 1784 inmerito
1046 1717 1087 1781 ab
1106 1715 1202 1780 huius

59 1825 173 1889 saeculi
195 1825 374 1890 editoribus
398 1827 527 1909 spretae
551 1822 591 1888 ‘et
607 1824 696 1890 modo
710 1823 845 1888 Misenis
865 1846 1006 1909 aequore
1023 1821 1201 1890 nobilibus’

60 1953 148 1995 suum
174 1931 306 1996 restitui
332 1930 367 1994 in
394 1933 486 1995 textu
513 1930 629 1995 locum.
669 1952 747 1995 nam
777 1931 887 2013 inepte
914 1929 949 1994 in
981 1929 1095 1994 mediis
1123 1929 1202 1993 Bais

60 2033 132 2120 (hoc
155 2038 212 2121 est,
231 2036 272 2122 ¹in
293 2035 400 2100 media
423 2034 516 2120 urbe)
541 2056 667 2101 cessare
686 2034 828 2120 Cynthia
851 2035 977 2120 dieitur,
1000 2036 1155 2102 traditam
1174 2035 1202 2100 si

61 2144 218 2228 sequimur
242 2143 450 2227 scripturam
474 2146 560 2207 reete
580 2141 707 2223 dicitur,
725 2143 782 2208 ubi
796 2143 895 2207 Baias
913 2143 999 2207 inter
1012 2143 1092 2209 duos
1111 2144 1201 2207 locos

60 2252 176 2316 medias
199 2250 432 2336 intellegimus.
472 2251 626 2338 nimirum
648 2251 684 2315 in
707 2251 824 2317 semita
847 2249 1006 2315 Herculea
1034 2250 1201 2314 ambulan-

60 2358 142 2422 tibus
170 2381 207 2423 ex
235 2380 300 2422 una
327 2361 419 2442 parte
447 2379 535 2422 mare
560 2357 734 2442 Thesproti
762 2357 886 2442 regnis,
914 2379 954 2421 ex
982 2358 1085 2422 altera
1112 2377 1201 2420 mare

60 2463 188 2530 Misenis
213 2465 394 2530 subiectum
419 2464 687 2549 conspiciebatur.
720 2468 770 2528 est
794 2467 902 2529 autem
925 2464 1007 2529 illud
1031 2461 1201 2549 ‘proxima'

62 2571 165 2655 glossa
190 2572 282 2637 uocis
307 2570 478 2655 ‘subdita',
507 2595 589 2656 quae
617 2575 748 2656 recepta
775 2574 958 2636 contortam
985 2569 1064 2635 feeit
1086 2571 1201 2634 uerbo-

61 2698 127 2742 rum
150 2681 344 2744 structuram
368 2677 537 2763 effecitque
561 2682 597 2744 ut
614 2679 712 2762 plane
732 2677 944 2763 singulariter
962 2679 992 2742 ei
1012 2677 1098 2762 quod
1120 2677 1200 2760 legi·

61 2785 110 2847 tur
131 2808 159 2849 u.
182 2785 203 2849 3
227 2782 273 2850 ‘et
295 2782 403 2850 modc’
427 2783 510 2849 desit
533 2784 584 2850 cui
607 2785 808 2870 respondeat.
826 2822 863 2831 -
890 2784 923 2849 Π
946 2785 999 2868 32,
1018 2783 1165 2848 33-36:

186 2909 264 2995 Ipsa
275 2907 396 2993 Venus,
416 2909 564 2994 quamuis
583 2913 737 2994 corrupta
759 2909 892 2975 libidine
915 2907 1042 2993 Martis,

235 3015 304 3082 Nec
327 3017 435 3082 minus
459 3017 494 3082 in
517 3018 606 3083 caelo
632 3039 759 3102 semper
781 3018 919 3082 honesta
940 3016 1013 3098 fuit,

187 3123 344 3200 Quamuis
366 3122 427 3188 Ida
448 3123 558 3189 Parim
580 3127 747 3208 pastorem
769 3123 856 3188 dicat
878 3144 1004 3187 amasse

236 3231 344 3316 Atque
367 3229 452 3295 inter
474 3230 613 3316 pecudes
637 3231 825 3296 accubuisse
850 3230 951 3295 deam.

62 3355 135 3420 false
157 3356 268 3421 Parim
292 3354 430 3422 Veneris
454 3359 633 3421 amatorem
656 3356 738 3440 fingi
761 3371 834 3420 cum
856 3375 923 3419 non
945 3355 1064 3418 lateret
1087 3354 1200 3418 doctos

63 3458 111 3545 (ex
141 3463 257 3547 quibus
290 3463 413 3545 optime
449 3462 487 3527 de
520 3462 584 3527 loci
621 3461 813 3528 difficultate
850 3461 1002 3526 disseruit
1037 3459 1201 3543 Hauptius

63 3589 162 3652 opusc.
180 3568 213 3636 Π
235 3592 266 3652 p.
280 3569 323 3634 60
339 3566 437 3656 uqa),
460 3569 609 3634 certatim
631 3569 707 3635 Pari
736 3569 840 3634 eiecto
863 3566 1029 3632 Anchisen
1052 3566 1200 3631 restitue-

63 3673 186 3759 bant*).
210 3673 381 3741 Schraderi
405 3678 515 3741 autem
538 3675 707 3740 inuentum
731 3673 907 3760 ‘Phrygem
929 3671 1117 3757 pastorem,
1140 3673 1203 3737 etsi
1337 3715 1343 3728 ·

63 3783 170 3847 ceteris
201 3783 381 3868 praecellit,
413 3786 523 3847 tamen
556 3782 716 3868 quomodo
753 3782 789 3846 in
826 3781 1019 3865 scripturam
1056 3781 1201 3846 codicum

64 3887 145 3953 abire
171 3889 315 3975 potuerit
341 3910 409 3953 non
436 3888 484 3954 ita
511 3889 623 3973 liquet.
666 3909 747 3974 quae
775 3887 885 3954 mendi
908 3887 1000 3972 origo
1029 3887 1203 3952 manifesta

127 4117 151 4188 *)
179 4136 250 4174 unns
274 4117 319 4172 his
342 4116 449 4172 ultimis
473 4117 553 4172 annis
578 4118 611 4172 A.
630 4115 742 4172 Palmer
766 4116 924 4188 [Hermath.
943 4116 969 4171 V
988 4117 1052 4188 261]
1076 4115 1148 4170 nihil
1170 4117 1202 4169 ut

65 4206 142 4262 totius
159 4207 215 4263 loci
235 4206 277 4262 ita
295 4223 428 4262 uersuum
446 4211 552 4262 37-40
571 4206 680 4276 pondus
704 4206 857 4276 respiciens
875 4205 984 4259 Paridis
1004 4223 1067 4260 oum
1088 4205 1201 4260 Oenone

65 4311 176 4352 amorem
194 4297 231 4352 ab
248 4296 302 4353 hoc
316 4295 379 4351 loco
393 4294 593 4370 alienissimum
612 4295 774 4349 intrudebat
792 4295 832 4349 ita
851 4293 1002 4364 ‘Pegasida
1015 4293 1065 4349 Ida
1079 4293 1201 4362 Parim’,

66 4402 95 4438 ne
114 4403 184 4442 noua
206 4385 321 4456 quidem
345 4384 518 4453 coniectura,
543 4401 606 4440 cum
624 4385 682 4439 iam
702 4384 807 4438 dudum
826 4384 922 4440 Aetius
945 4382 1050 4440 similia
1068 4383 1201 4454 (‘Pegasi‚

67 4475 91 4529 te
109 4476 155 4532 lde
172 4477 202 4534 P.
221 4495 248 4548 p.
268 4473 338 4530 dicit
357 4505 390 4516 —
408 4475 502 4544 deae')
520 4473 654 4531 futtiliter
672 4473 845 4530 coniecisset.
