3052 5044
489 347 691 404 1110111111
710 333 778 402 nis.
797 347 818 404 1.
840 353 880 402 rs.

616 620 746 693 XVIII.

197 780 288 846 Haec
312 783 397 845 certe
421 780 548 843 deserta
571 779 643 842 locu
667 781 698 841 et
721 777 885 843 taciturna
908 777 1068 860 querenti,

241 888 286 952 Et
309 909 444 952 uacuum
469 884 607 970 Zephyri
631 884 777 969 possidet
800 905 878 948 aurs
899 905 1023 948 nemus.

197 993 261 1058 Hic
284 994 360 1058 licet
383 994 527 1059 occultos
551 991 694 1077 proferre
718 992 837 1074 inpune
857 989 997 1076 dolores,

245 1098 399 1165 simodo
423 1100 494 1164 sola
517 1102 638 1184 queant
661 1120 740 1162 sura
761 1102 871 1162 tenere
894 1097 997 1162 fidem.

152 1206 290 1272 ·5Undc
313 1210 386 1272 tuos
410 1206 551 1289 primum
574 1211 732 1288 repetam,
756 1226 828 1268 meu
851 1203 1005 1289 Cynthia,
1027 1205 1153 1272 fastus?

245 1312 337 1389 Quod
361 1312 442 1377 mihi
465 1312 522 1377 dus
545 1311 658 1396 fiendi,
681 1310 835 1395 Cynthia,
858 1312 1074 1396 principium?

200 1419 261 1495 Qui
284 1420 380 1484 modo
403 1419 513 1484 felices
537 1419 622 1482 inter
644 1419 840 1482 numerabar
863 1422 1022 1503 amantes,

243 1526 338 1592 Nunc
360 1526 396 1591 in
420 1548 527 1590 umore
551 1529 608 1590 tuo
632 1546 731 1610 cogor
754 1526 873 1590 habere
896 1530 1017 1592 notum.

201 1633 285 1710 Quid
307 1637 435 1698 tantum
459 1632 584 1697 merui?
607 1654 688 1715 quae
712 1635 744 1695 tc
769 1631 848 1696 mihi
871 1632 1007 1696 crimina
1030 1634 1181 1716 mutant?

155 1759 190 1805 10
244 1743 298 1804 An
320 1763 405 1804 nous
429 1739 582 1803 tristitiae
606 1761 704 1803 causa
726 1739 836 1822 puella
858 1739 956 1804 tuae?

201 1845 254 1912 Sic
277 1847 358 1912 mihi
380 1851 413 1911 te
436 1845 558 1911 referas
582 1845 677 1928 leuis,
701 1848 737 1909 ut
760 1866 827 1909 non
851 1846 952 1909 ultera
974 1850 1089 1911 nostro

244 1954 371 2018 Limine
393 1953 554 2018 formosos
577 1951 688 2016 intulit
711 1951 780 2015 ulls
801 1952 908 2034 pedes.

202 2059 357 2137 Quamuis
381 2059 486 2123 multu
507 2059 569 2123 tibi
592 2058 684 2123 dolor
706 2057 760 2123 hic
783 2081 873 2124 meus
898 2082 1012 2142 aspera
1035 2060 1143 2145 debet,

245 2167 321 2233 Non
344 2168 391 2233 ita
415 2189 513 2232 sacua
535 2169 645 2230 tamen
668 2166 792 2230 uenerit
815 2167 865 2231 ira
888 2189 975 2250 mes,

155 2273 247 2338 15Ut
269 2273 331 2338 tibi
354 2273 415 2338 sim
439 2273 555 2338 merito
579 2293 706 2356 semper
728 2272 819 2339 furor
842 2277 875 2338 ct
896 2278 953 2338 tus
975 2297 1033 2358 per
1056 2299 1107 2341 me

246 2380 386 2444 Lumina
409 2379 539 2444 deiectis
562 2380 671 2462 turpia
695 2381 761 2444 sint
783 2380 936 2445 lacrimis.

202 2487 255 2551 An
278 2488 354 2571 quia
376 2485 457 2550 durs
481 2486 594 2550 dumus
618 2489 744 2551 mutato
768 2487 861 2572 signu
885 2488 1005 2567 calore,

246 2594 291 2658 Et
312 2616 378 2659 non
401 2593 468 2658 ulla
491 2615 563 2658 mec
587 2593 706 2658 clamat
728 2594 764 2658 in
787 2616 842 2659 cre
864 2595 966 2660 fides?

202 2701 270 2767 Vos
294 2702 384 2766 eritis
407 2704 520 2783 testes,
545 2701 571 2765 si
595 2721 675 2784 quos
699 2700 800 2765 habet
823 2703 920 2767 arbor
943 2726 1081 2783 amores,

158 2826 192 2873 20
247 2807 356 2892 Fugus
380 2810 413 2870 et
436 2806 576 2872 Arcadio
599 2806 694 2892 pinus
719 2813 827 2873 amatu
849 2809 923 2874 deo:

203 2915 234 2980 A
257 2915 407 2998 quotiens
430 2917 542 2979 tenera
564 2914 624 2979 has
647 2918 803 2980 resonant
830 2939 902 2981 mes
924 2919 1024 2983 uerba
1043 2920 1102 2984 sub
1121 2921 1262 3006 umbras,

249 3019 409 3087 Scribitur
432 3026 464 3085 et
486 3022 604 3086 uestris
628 3020 769 3104 Cynthia
792 3023 980 3090 corticibus!

187 3306 257 3360 Vm.
276 3325 350 3360 nncr.
402 3304 500 3358 XVIII.
537 3304 623 3358 Noua
645 3306 730 3373 clepia
752 3322 813 3359 cum
836 3307 917 3361 titulo
940 3308 976 3361 ud
995 3310 1139 3376 cynthiam
1158 3313 1190 3364 iu
1209 3315 1227 3363 0
1253 3313 1262 3382 tp

112 3408 127 3454 1
150 3397 273 3452 taciturn
291 3400 314 3447 V
332 3397 411 3465 (corr.
431 3411 482 3464 usp.
501 3411 535 3448 m.
555 3395 585 3463 2)
605 3396 614 3464 ΙΙ
633 3401 648 3449 2
667 3394 716 3464 Et]
737 3395 795 3448 Nec
815 3395 981 3450 Fonteiuius
997 3405 1000 3462 Ι
1017 3398 1122 3467 zephiri
1140 3404 1163 3451 Δ
1177 3405 1197 3451 r
1211 3405 1235 3451 11
1254 3400 1263 3471 Η

113 3497 130 3543 3
158 3487 266 3543 ocultus
289 3489 348 3536 Π
382 3489 386 3550 l
422 3484 536 3553 impune
554 3487 613 3539 An
636 3485 646 3552 t
673 3489 690 3536 4
709 3486 870 3552 quaeantn
897 3486 907 3553 ΙΙ
935 3491 950 3538 5
970 3486 1044 3557 meu]
1064 3504 1108 3540 me
1126 3493 1147 3539 12
1166 3505 1200 3542 m.
1220 3494 1235 3542 1
1255 3488 1264 3560 Η

114 3583 130 3631 ’1
152 3573 319 3629 numerabar
336 3572 409 3625 inter
427 3573 537 3638 Artis
557 3570 630 3636 Quid
648 3571 762 3625 tandem
781 3572 947 3626 Fonteiuius
963 3573 967 3642 Ι
984 3590 1068 3642 quam
1086 3576 1115 3628 tc
1134 3581 1154 3627 F
1173 3594 1207 3631 m.
1223 3584 1238 3630 1
1257 3578 1259 3647 t

114 3662 236 3719 erimina
255 3678 283 3727 ς,
303 3661 429 3728 Lipsius:
450 3659 574 3713 carmina
593 3664 612 3712 0
630 3663 640 3729 i
660 3665 693 3713 10
711 3660 868 3729 tristici(a)e
887 3664 973 3730 AVI
996 3668 1027 3716 12
1046 3663 1173 3718 firmosos
1191 3671 1226 3733 0,
1242 3669 1265 3716 V

114 3773 151 3808 m.
171 3757 187 3805 1
210 3752 214 3821 Ι
234 3752 285 3805 ills
303 3755 327 3802 IV
344 3766 377 3803 m.
398 3754 413 3802 1
442 3751 451 3818 ss
481 3754 513 3802 14
532 3764 615 3821 scens
634 3753 657 3800 V
675 3754 743 3803 m.1
768 3749 777 3817 ΙΙ
802 3755 834 3803 15
853 3748 967 3803 fluorA
991 3753 995 3819 t
1020 3768 1070 3820 per
1089 3770 1133 3807 me
1152 3756 1263 3822 scripsi:

115 3841 209 3896 flendo
224 3845 242 3893 0
257 3857 291 3894 cc
309 3841 543 3908 iuterpretamcuto
557 3837 594 3890 ud
608 3855 634 3890 u.
649 3853 700 3906 seq.
716 3838 855 3906 adscripto
868 3839 877 3907 ΙΙ
893 3844 925 3892 16
945 3838 1059 3894 deiectis
1074 3856 1103 3898 ςε
1119 3841 1229 3897 dilectis
1245 3848 1263 3896 0

116 3930 236 3986 delectis
254 3934 277 3981 V
295 3947 329 3983 m.
349 3934 368 3984 2
387 3933 411 3979 r
427 3933 431 3996 Ι
447 3926 560 3996 turgida
578 3925 712 3980 Heinsius
729 3925 732 3998 Ι
749 3925 802 3980 sim
815 3932 837 3978 r
850 3945 884 3981 m.
899 3934 915 3981 1
937 3929 947 3997 ΙΙ
963 3934 994 3983 11
1014 3929 1084 3984 durs
1101 3933 1200 4000 scripsi
1218 3933 1263 4000 (cf.

119 4021 203 4074 Misc.
225 4017 292 4072 Orc.
303 4034 334 4086 p.
350 4019 410 4086 79):
430 4032 518 4085 purus
536 4020 555 4067 0
574 4033 638 4069 rurs
651 4015 835 4069 Burmannus
853 4033 938 4086 pares
956 4018 994 4071 H.
1009 4017 1130 4073 Bosscha
1146 4023 1150 4088 Ι
1167 4020 1264 4088 lingue

117 4115 139 4162 r
159 4126 193 4163 m.
213 4112 228 4161 1
246 4113 250 4175 Ι
267 4107 359 4162 calore
378 4109 400 4157 V
418 4121 469 4174 usp.
489 4121 523 4158 m.
543 4109 575 4159 2:
596 4104 689 4158 colore
709 4108 727 4156 0
750 4105 760 4173 ss
783 4111 815 4159 18
834 4121 891 4159 non
909 4106 988 4160 nulls
1005 4113 1027 4158 D
1042 4111 1076 4173 νς
1100 4124 1156 4161 non
1174 4109 1264 4163 multa

118 4199 159 4253 H.
177 4197 300 4252 Bosscha
313 4197 323 4265 ΙΙ
339 4200 370 4249 19
390 4194 473 4248 arbor
491 4197 514 4244 V
532 4210 565 4247 m.
585 4199 619 4261 2,
637 4198 672 4248 IV:
692 4194 775 4248 ardor
793 4199 811 4247 0
834 4196 844 4264 ΙΙ
868 4201 902 4249 20
921 4195 1053 4250 archadio
1072 4201 1130 4248 H
1149 4198 1264 4266 urgsdio

118 4293 142 4339 Δ
158 4289 163 4355 Ι
179 4285 275 4340 amata
292 4291 314 4336 0
328 4289 364 4338 V:
384 4282 475 4338 amica
492 4286 516 4333 Δ
530 4287 550 4333 F
564 4284 657 4352 111121
677 4282 721 4336 Ha
739 4289 761 4336 Δ
775 4289 796 4334 r
814 4284 858 4338 Ah
873 4286 953 4339 ceteri
968 4285 972 4353 Ι
987 4285 1085 4338 tenera
1102 4287 1153 4338 has
1166 4288 1267 4355 scripsi

119 4379 137 4431 I.
158 4376 190 4430 l.:
208 4377 319 4428 teneras
338 4378 356 4425 0
375 4375 483 4428 uestras
501 4373 546 4426 hic
564 4377 588 4425 et
606 4372 708 4426 teneris
727 4390 754 4426 u.
773 4379 814 4428 22
834 4373 1003 4427 Schrcdcrus
1021 4378 1046 4427 et
1060 4373 1243 4442 Koppicrsius
1259 4376 1262 4448 Ι

119 4483 164 4520 mc
183 4466 275 4534 11122
294 4462 396 4517 nostris
414 4466 472 4513 ΔΕ
491 4464 523 4529 (V
543 4477 577 4514 m.
596 4464 627 4530 2)
