3052 5044
261 279 306 344 90
588 279 784 333 Paoruaull
802 279 869 333 LIB.
888 279 923 334 ll.
943 285 986 334 29.
1006 285 1048 333 30.

350 441 484 525 Aspice,
507 443 600 506 utin
623 445 694 507 toto
717 442 827 506 nullus
850 442 930 506 mihi
954 463 1088 526 corpore
1112 447 1227 527 surgat

395 546 548 633 Spiritus,
572 549 713 614 admisso
737 553 833 614 natus
857 540 1036 614 adulterio!

350 654 454 739 Dixit,
478 660 510 720 el
532 656 685 739 opposita
707 655 892 739 propellens
916 655 1008 719 sauia
1031 655 1144 719 dextre

306 779 340 827 ro
395 761 530 826 Prosilit
553 762 588 826 in
609 763 685 826 laxa
708 761 783 826 nixa
807 761 922 845 pedem
946 762 1041 826 solea

352 867 404 933 Sia
428 873 578 953 egotam
604 869 707 932 sancii
731 869 835 932 cultor
860 868 1006 932 secludar
1029 868 1163 932 amoris:

395 975 445 1038 Ex
468 975 525 1040 illo
548 975 627 1039 felix
650 995 714 1038 nox
737 975 818 1038 mihi
841 975 931 1038 nulla
954 975 1024 1038 fuit.

778 1387 887 1459 XXX.

350 1544 420 1620 Quo
445 1543 545 1627 fugis,
569 1566 589 1607 a
612 1543 765 1608 demens?
787 1544 878 1608 nulla
902 1548 952 1607 est
973 1544 1065 1627 fuga:
1089 1546 1126 1606 tu
1149 1543 1225 1607 licet
1248 1566 1354 1627 usque

395 1651 447 1715 Ad
469 1648 605 1714 Tanaim
629 1650 751 1735 fugias:
775 1672 875 1738 usque
900 1654 1052 1734 sequetur
1076 1649 1186 1714 Amor.

351 1756 427 1822 Non
451 1757 478 1821 si
502 1756 646 1842 Pegaseo
669 1759 807 1821 necteris
832 1759 868 1821 in
892 1779 965 1821 aere
989 1757 1098 1839 dorso,

395 1864 464 1929 Nee
489 1865 548 1928 libi
573 1865 601 1929 si
626 1865 734 1929 Persei
758 1866 898 1929 mouerit
921 1866 973 1928 ala
995 1864 1107 1948 pedes:

325 1971 416 2035 5Vel
440 1972 468 2034 si
491 1975 523 2034 te
547 1975 652 2035 sectae
679 1971 808 2055 rapiant
830 1973 986 2036 talaribus
1011 1994 1120 2055 aurae,

396 2077 452 2144 Nil
475 2077 536 2141 ribi
559 2076 711 2142 Mercurii
735 2079 880 2160 proderit
903 2079 971 2141 alla
993 2079 1055 2142 uia.
1313 2157 1318 2162 ι

352 2184 459 2248 Instat
484 2207 610 2267 semper
634 2184 736 2248 Amor
759 2207 856 2269 supra
880 2189 991 2267 eaput:
1015 2184 1117 2249 instat
1141 2185 1279 2269 amanti,

398 2292 442 2354 Ei
465 2292 576 2375 grauis
599 2292 668 2374 ipse
693 2313 788 2373 super
812 2291 914 2355 libera
938 2291 1022 2355 colla
1045 2292 1143 2356 sedet.

352 2397 502 2461 Excubat
524 2398 578 2462 ille
602 2420 674 2461 acer
697 2402 805 2462 custos
830 2397 998 2462 attollere
1022 2420 1199 2480 numquam

311 2521 343 2568 10
398 2503 443 2567 Te
465 2505 608 2588 patietur
631 2505 730 2569 humo
753 2505 877 2568 lumina
901 2508 995 2587 capla
1019 2504 1127 2567 semel.

355 2611 400 2675 Et
423 2612 487 2676 iam
511 2613 539 2675 si
562 2633 687 2695 peooeS,
711 2612 788 2676 deus
813 2611 987 2676 exorabilis
1011 2610 1067 2673 ille
1090 2613 1152 2688 est,

402 2717 436 2782 si
459 2718 554 2782 modo
578 2718 757 2800 praesentis
782 2717 899 2781 uiderit
922 2739 992 2780 esse
1015 2738 1134 2801 preces.

827 2865 844 2901 *

739 2952 756 2990 *
817 2949 820 2954 ’
917 2954 934 2990 *

354 3055 423 3119 Ista
446 3076 538 3118 senes
561 3054 638 3118 lieet
662 3059 814 3119 accusent
837 3054 987 3118 conuiuia
1010 3055 1095 3119 duri:

338 3212 406 3266 Vas.
426 3231 499 3266 asor.
538 3216 571 3264 38
590 3215 672 3265 natus
692 3213 789 3266 Dousa
804 3216 897 3280 pater:
917 3214 998 3266 notus
1018 3217 1036 3263 0
1055 3214 1148 3266 motus
1168 3214 1320 3268 Marcilius
1343 3217 1353 3283 l
1383 3223 1418 3270 39

265 3303 363 3356 suauia
380 3310 414 3371 n,
430 3307 452 3353 V
471 3320 501 3357 rn.
521 3307 536 3355 1
563 3306 567 3370 l
588 3302 686 3356 dextra
705 3318 733 3359 s:
753 3304 849 3356 nostra
867 3310 888 3355 1)
903 3307 924 3352 F
938 3306 974 3368 Ν,
994 3317 1043 3356 om.
1063 3304 1086 3351 V
1105 3318 1138 3354 m.
1157 3307 1172 3354 1
1193 3302 1282 3368 (ueste
1301 3319 1335 3356 na
1357 3307 1390 3373 2)
1410 3305 1420 3374 ll

265 3397 299 3444 40
331 3392 396 3446 lasa
414 3397 434 3444 F
453 3408 504 3461 rap.
524 3409 557 3445 rn.
578 3397 611 3460 2,
637 3395 660 3442 V
682 3409 716 3444 err
742 3407 824 3444 corn:
854 3407 921 3444 saxa
946 3394 1040 3442 ΒΗ
1065 3396 1089 3443 et
1111 3392 1169 3443 sino
1192 3390 1276 3444 dubio
1294 3395 1318 3442 V
1340 3408 1377 3447 m.
1401 3400 1416 3446 1

265 3484 309 3546 (=
325 3485 354 3549 0)
377 3483 386 3551 ΙΙ
407 3487 440 3534 41
465 3481 556 3536 cultor
575 3480 702 3535 secludar
720 3497 779 3548 epo:
805 3481 898 3532 custos
916 3479 1044 3534 recludor
1063 3487 1084 3530 D
1098 3484 1120 3529 V
1140 3479 1263 3534 custodis
1283 3482 1377 3535 rector
1396 3489 1418 3535 r

266 3571 381 3624 custode
400 3571 512 3625 reludor
530 3575 554 3622 lt
573 3570 666 3624 custos
686 3569 803 3624 reiectos
822 3584 838 3626 ς
863 3571 956 3623 custos
983 3567 1088 3622 eiectos
1109 3569 1284 3622 Passeratius
1302 3571 1419 3624 custodi

266 3659 397 3712 excludor
416 3661 550 3714 Heinsius
569 3661 662 3712 eustos
687 3657 785 3712 eludor
802 3657 985 3711 Burmannus
1008 3657 1085 3710 cultu
1111 3657 1238 3711 seoludor
1256 3657 1417 3714 Lachman-

265 3763 319 3799 nus
332 3751 341 3815 l
356 3752 388 3798 42
408 3765 463 3801 nox
482 3764 510 3804 s:
529 3764 586 3801 non
605 3752 623 3798 0

336 3851 421 3907 XXX.
459 3855 596 3907 Adhaeret
611 3854 704 3921 priori
721 3855 753 3908 in
771 3859 804 3921 0,
823 3856 966 3922 separauit
983 3858 1005 3905 V
1024 3871 1057 3907 m.
1078 3857 1134 3908 eu
1157 3855 1166 3923 ΙΙ
1188 3859 1318 3921 quattuor
1336 3855 1417 3924 fray-

265 3944 362 3996 mentia
390 3944 429 3996 eis
456 3959 525 4011 quae
548 3943 667 3996 distinni
689 3945 737 3997 hoo
764 3959 872 4020 oaruzen
895 3945 964 3996 ino
987 3959 1043 3996 uno
1067 3948 1157 3996 tenore
1178 3944 1265 4010 (tuens
1290 3949 1418 3998 eorastare

265 4033 399 4087 intellexit
418 4031 618 4086 Heimreioltius
649 4033 659 4100 ΙΙ
693 4039 706 4085 1
727 4033 764 4085 ha
782 4038 803 4083 F
822 4033 858 4086 ah
877 4034 957 4087 ceteri
978 4035 988 4102 11
1010 4039 1026 4085 2
1046 4030 1152 4086 tanaim
1171 4033 1208 4083 V:
1228 4032 1337 4085 tantam
1355 4039 1379 4084 D
1395 4040 1418 4086 Γ

265 4119 361 4176 tanain
379 4123 455 4190 1(ssss
476 4122 678 4190 uectensltssss
696 4121 906 4190 mercurinfl8
925 4121 987 4190 ipsa
999 4122 1206 4188 Beroalduslltl
1225 4137 1392 4188 nusquams
1409 4127 1417 4194 ῃ

267 4217 297 4264 11
320 4211 374 4265 Sed
392 4211 574 4266 Burmannus
595 4213 633 4266 At
653 4212 675 4264 I
678 4251 683 4263 .
703 4211 741 4263 Η.
767 4209 878 4264 Vossius
902 4211 984 4277 lille3
1000 4216 1071 4279 puto
1089 4211 1164 4264 idem
1186 4209 1195 4277 ΙΙ
1220 4214 1251 4261 12
1271 4209 1344 4279 esse]
1363 4208 1417 4265 illa

265 4307 287 4350 1)
307 4303 381 4366 (etv
400 4317 450 4369 rap.
471 4317 505 4354 rn.
525 4303 555 4369 2)
588 4303 598 4370 l}
628 4302 660 4354 de
679 4316 726 4352 uu.
748 4303 851 4352 13-18
871 4301 904 4366 os.
925 4301 962 4353 art
981 4305 1013 4352 31
1050 4299 1060 4366 ΙΙ
1094 4305 1125 4352 13
1147 4297 1276 4353 oonuiuia
1289 4303 1362 4366 puto
1381 4300 1416 4353 in

268 4387 388 4441 conubia
406 4390 554 4456 mutanda,
573 4390 600 4442 si
618 4390 682 4442 laec
701 4403 761 4440 eunt
780 4404 826 4441 uu.
847 4393 880 4441 23
895 4405 949 4456 sqq.
970 4389 1110 4442 renonent
