3004 5068
286 321 403 378 XXVIII
720 319 1003 378 Psossoouarul.

285 487 324 552 fit
346 487 375 551 si
398 485 504 551 ‘suum
526 485 702 570 pastorom’
726 509 746 551 a
768 485 938 570 Propertio
961 485 1091 552 uenisse
1115 485 1271 550 sumimus
1294 483 1398 568 eique
1422 507 1442 548 a

287 593 465 659 semidocto
504 593 623 678 scriba,
656 594 711 678 qui
747 593 786 658 de
819 592 946 658 Paridis
973 593 1013 667 in
1048 591 1107 658 Ida
1139 590 1256 657 iudicio
1297 592 1442 676 legerat,

287 698 428 765 ‘Parim'
452 701 706 785 suprascriptum
734 721 818 765 esse:
845 700 996 765 nouimus
1025 700 1111 765 enim
1137 699 1304 764 hominum
1329 717 1440 784 genus

287 803 340 891 (cf.
363 828 394 889 p.
416 805 502 892 XX).
543 812 576 872 et
603 829 623 871 a
650 807 805 872 Romanis
832 806 1009 872 lectoribus
1038 807 1149 872 statim
1181 805 1441 890 intellegebatur

145 913 151 924 '
286 912 367 978 illud
382 911 684 999 ‘suumpastorem',
697 915 850 999 quoniam
871 918 1002 998 praeter
1010 913 1176 980 Anchisen
1190 933 1257 978 non
1279 933 1441 997 agnosce

286 1020 367 1085 bant
393 1019 521 1085 fabulae
552 1020 650 1085 alium
673 1019 811 1086 Veneris
834 1021 868 1087 in
890 1020 950 1085 Ida
979 1023 1168 1086 amatorem.
1191 1039 1361 1103 -porro
1388 1039 1440 1083 ue

287 1149 359 1192 rum
382 1126 501 1193 uidisse
523 1132 603 1212 puto
626 1127 810 1211 Heinsium‚
834 1149 907 1192 cum
929 1126 980 1193 111
1006 1128 1055 1211 11,
1081 1127 1121 1193 17
1137 1149 1196 1213 squ

421 1251 581 1338 Omphale
604 1252 639 1317 in
662 1253 790 1316 tantum
812 1251 937 1316 formae
960 1252 1118 1335 processit
1139 1252 1297 1318 honorem

470 1358 575 1443 Lydia
597 1357 732 1444 Gygaeo
754 1355 859 1424 tincta
881 1359 989 1443 puella
1012 1359 1095 1444 lacu,

287 1483 343 1548 ubi
367 1483 444 1550 Itali
466 1482 583 1547 uttium
606 1482 834 1566 prosodiaeum
857 1479 922 1548 ‘et'
945 1483 1115 1549 inserendo
1144 1484 1317 1566 sanabant,
1342 1481 1439 1547 ‘Om-

287 1587 400 1674 phale'
430 1611 552 1654 meram
580 1610 650 1654 esse
679 1589 823 1675 glossam
846 1590 1078 1679 pronuntiaret.
1119 1611 1196 1655 nam
1218 1589 1354 1654 heroine
1381 1589 1440 1653 illa

289 1699 340 1762 sat
367 1692 554 1780 designatur
581 1692 689 1760 uerbis
717 1718 748 1760 u.
773 1695 827 1780 18,
855 1699 1007 1780 amatque
1034 1696 1223 1779 Propertius
1250 1697 1285 1760 in
1312 1696 1439 1760 talibus

289 1801 395 1888 magis
424 1801 716 1869 circumscribendo
744 1802 886 1867 indicare
915 1824 1012 1887 quam
1040 1803 1169 1868 disertis
1192 1803 1303 1868 uerbis
1329 1801 1439 1867 nomi-

288 1931 374 1974 nare.
415 1907 469 1973 sed
494 1912 631 1993 certam,
659 1909 710 1975 cui
733 1909 768 1973 in
794 1911 885 1973 textu
912 1909 1020 1974 locum
1044 1909 1263 1995 adsignarem,
1288 1907 1440 1974 emenda-

287 2003 410 2081 tionem
433 2017 574 2100 reperiro
595 2017 741 2082 nondum
763 2016 903 2102 contigit
911 2014 953 2103 ²¹⁸)
979 2051 1018 2063 -
1042 2015 1092 2084 ΙΠ
1117 2018 1166 2100 17,
1190 2018 1231 2082 27
1249 2037 1310 2100 sq.:

422 2140 468 2206 Et
489 2140 551 2205 tibi
573 2162 632 2225 per
654 2141 795 2206 mediam
813 2142 894 2206 bene
918 2139 1039 2206 olentia
1061 2139 1197 2206 flumina
1220 2139 1347 2227 Naxon,

471 2247 565 2314 Unde
588 2253 681 2314 tuum
703 2251 819 2332 potant
839 2247 947 2314 Naxia
969 2245 1066 2312 turba
1089 2269 1221 2312 merum.

290 2372 381 2438 deest
403 2372 438 2437 in
465 2357 653 2438 hexametro
681 2374 831 2458 uerbum3
859 2395 918 2439 nec
945 2372 1026 2437 illud
1049 2371 1196 2455 ‘Naxon,
1223 2372 1308 2436 uude
1330 2370 1438 2437 Naxia

289 2479 397 2545 turba'
421 2479 607 2564 Propertius
632 2479 770 2564 scripsit
807 2480 892 2565 quod
915 2479 971 2564 qui
994 2478 1224 2543 animaduertit
1246 2477 1287 2545 A.
1309 2477 1438 2543 Palmer

292 2583 474 2668 [Hermath.
498 2585 514 2651 I
540 2585 603 2651 162
618 2587 691 2670 sq.],
723 2585 751 2649 is
783 2585 837 2651 hio
870 2585 998 2671 quidem
1030 2585 1166 2650 feliciter
1199 2608 1238 2650 ex
1265 2580 1437 2650 ‘mediam'

291 2693 403 2758 elicuIt
425 2692 568 2776 priscum
591 2689 677 2756 Naxi
700 2713 820 2756 nomen
843 2689 986 2778 ‘Diam';
1014 2690 1104 2757 cuius
1133 2692 1222 2757 uocis
1245 2691 1437 2778 interpreta-

259 2884 261 2889 .
292 2804 439 2866 mentum
463 2797 602 2893 ‘Naxon’
626 2799 767 2884 primum
789 2797 938 2864 ultimam
957 2799 1106 2864 uoculam
1126 2798 1200 2864 sede
1220 2820 1277 2863 sua
1295 2798 1436 2863 mouisse

292 2911 325 2972 et
358 2906 471 2971 deinde
504 2905 539 2970 in
571 2909 695 2970 textum
732 2909 899 2989 receptum
936 2905 1035 2970 etiam
1072 2905 1313 2989 corruptionem
1349 2903 1436 2968 illius

291 3009 411 3077 ‘Diam'
436 3011 579 3076 effecisse
602 3015 689 3077 recte
713 3013 830 3076 statuit
851 3011 945 3076 idem.
976 3011 1031 3076 sed
1054 3033 1126 3077 oum
1150 3010 1270 3077 conicit
1292 3009 1436 3076 ‘flumina

219 3157 223 3168 .
291 3116 402 3203 saxia',
425 3118 519 3183 alteri
542 3116 623 3183 uitio
647 3140 713 3184 non
736 3118 890 3184 medetur.
926 3117 1153 3202 nequeenim,
1181 3116 1266 3202 quod
1289 3117 1345 3182 ille
1374 3113 1437 3181 sibi

290 3225 468 3310 persuasit,
500 3245 517 3288 6
544 3247 575 3288 u.
603 3224 646 3289 26
680 3223 880 3290 ‘desiluisse'
915 3223 1091 3290 adsciscere
1125 3225 1322 3310 cogitatione
1355 3223 1435 3288 licet

290 3333 400 3417 itaque
422 3331 551 3414 reposui
575 3330 726 3396 ‘flumina
747 3330 869 3416 nasci'3
886 3335 925 3396 ‘et
948 3331 1106 3397 concedas
1130 3334 1272 3416 oportet,
1301 3329 1342 3396 ob
1365 3333 1435 3394 tan·

290 3445 360 3508 tam
384 3436 627 3505 similitudinem
650 3437 713 3503 hoc
736 3435 858 3504 ‘nasci'
881 3439 983 3504 multo
1008 3437 1135 3502 facilius
1165 3438 1276 3522 glossa
1299 3432 1435 3503 ‘naxon'

290 3547 437 3633 potuisse
458 3545 590 3612 hauriri.
639 3531 641 3534 ⁵

380 3669 441 3736 His
466 3672 540 3754 apte
564 3669 718 3754 adiciam,
741 3670 839 3735 etiam
862 3670 952 3736 locos
975 3666 1207 3756 παραλλήλους
1234 3670 1269 3734 in
1292 3667 1435 3754 margine

292 3777 472 3860 adscriptos
500 3776 661 3842 interdurn
689 3776 959 3863 deprauationum
986 3801 1101 3844 causas
1128 3777 1228 3843 fuisse
1259 3777 1375 3863 uideri,
1402 3776 1436 3840 ut

291 3885 332 3950 ad
354 3883 387 3949 Π
414 3885 446 3969 l,
469 3884 511 3950 58
541 3883 722 3967 adpositum
746 3885 867 3969 12,8
895 3887 929 3949 et
951 3885 992 3950 ad
1014 3883 1063 3950 IV
1089 3884 1121 3968 l,
1144 3885 1185 3948 61
1216 3883 1356 3948 fortasse
1384 3880 1434 3948 ad-

242 3988 244 3993 ’
291 3995 441 4059 notatum
464 3990 556 4056 ‘dura
579 3989 710 4056 corona'
734 4013 773 4056 ex
794 3989 844 4056 III
869 3991 903 4075 1,
925 3989 977 4056 20.
1226 4003 1230 4008 ·

364 4187 390 4256 *)
418 4199 536 4254 prauum
559 4185 603 4238 est
626 4181 702 4253 quod
725 4183 758 4238 Δ.
777 4182 889 4237 Palmer
915 4183 1070 4252 [Hermath.
1089 4182 1114 4236 V
1133 4200 1160 4251 p.
1180 4183 1245 4251 161]
1268 4178 1436 4251 excogitauit

294 4273 454 4341 ‘Iardanis'3
476 4273 610 4343 quattuor
628 4269 703 4325 enim
724 4269 896 4340 syllabarum
914 4269 1084 4326 uocabulum
1102 4285 1237 4340 graecum
1260 4269 1329 4324 feeit
1347 4267 1434 4339 trisyl-

291 4367 401 4431 labum,
425 4378 496 4430 quae
520 4360 636 4414 libertas
654 4358 773 4414 ultimae
791 4359 902 4414 tantum
929 4355 1109 4427 antiqmtatis
1128 4357 1221 4428 poetis
1239 4373 1384 4413 concessas
1403 4355 1434 4411 cf.

294 4455 326 4510 L.
345 4451 496 4508 Muellerus
515 4451 550 4504 de
568 4466 599 4504 re
617 4451 697 4506 metr.
717 4465 744 4519 p.
764 4455 825 4508 261.
