3052 5044
471 331 668 387 PROPERTII
687 333 755 389 LIB.
775 333 809 387 11.
829 332 886 388 34¹².

191 495 306 580 Incipe
329 496 396 560 iam
420 500 560 582 angusto
583 516 696 560 uersus
719 516 920 579 compescere
944 499 1054 577 torno,

241 603 342 686 Inque
366 607 439 668 tuos
463 604 571 686 ignes,
595 602 672 666 dure
694 605 806 686 poeta,
829 602 914 666 ueni.

130 726 176 775 45
195 709 246 773 Tu
269 732 335 775 non
358 708 571 794 Antimacho,
594 730 660 773 non
683 708 786 772 tutior
809 707 872 772 ibis
895 708 1052 774 Homero:

241 815 387 899 Despicit
410 817 443 880 et
465 835 602 901 magnos
625 818 713 881 recta
736 815 846 898 puella
869 815 956 880 deos.

194 921 229 988 Si
252 945 317 988 non
342 927 416 988 ante
439 921 533 1008 graui
555 924 667 986 taurus
692 921 879 987 subcumbit
902 924 1025 1004 aratro,

239 1029 370 1096 Cornua
392 1051 489 1114 quam
512 1028 629 1094 ualidis
653 1027 795 1094 haeserit
818 1028 852 1092 in
875 1028 1014 1112 lequeis,

192 1135 261 1201 Neo
283 1140 321 1201 tu
343 1138 413 1202 tam
435 1137 532 1201 duros
555 1157 613 1220 per
636 1139 667 1200 tc
691 1135 826 1219 patieris
850 1157 993 1201 amores:

135 1259 181 1308 50
239 1243 328 1308 Trux
351 1243 451 1308 animi
475 1267 494 1308 a
516 1243 611 1308 nobis
636 1246 712 1307 ante
735 1242 913 1307 domandus
937 1243 1008 1307 eris.

193 1349 319 1414 Harum
341 1350 434 1414 nulla
457 1350 541 1414 solet
563 1349 724 1415 rationem
748 1371 902 1434 quaerere
925 1349 1048 1433 mundi,

237 1456 305 1522 Nec
330 1479 386 1522 eur
408 1456 562 1520 fraternis
586 1456 680 1520 Luna
702 1456 830 1520 laboret
854 1456 959 1540 equis,

193 1562 261 1629 Neo
284 1563 312 1628 si
335 1539 568 1647 posl'Stygias
594 1562 715 1646 aliquid
738 1561 933 1628 testabimus
957 1563 1074 1641 undas,

236 1668 305 1735 Nec
329 1671 357 1736 si
380 1669 528 1735 consulto
552 1667 690 1735 fulmina
713 1669 813 1734 missa
835 1672 976 1736 tonent·

138 1791 181 1856 po
192 1775 311 1861 Aspice
334 1799 401 1861 mc,
424 1775 475 1841 cui
498 1796 601 1858 parua
624 1776 711 1840 domi
734 1776 866 1841 fortuna
888 1776 1000 1842 relicta
1023 1781 1085 1862 est,

236 1882 353 1948 Nullus
377 1887 410 1947 et
433 1883 565 1966 antiquo
588 1882 695 1946 Marte
717 1882 902 1966 triumphus
927 1883 995 1968 aui,

192 1991 238 2056 Ut
261 2011 392 2075 regnem
415 1989 535 2054 mixtas
558 1990 643 2053 inter
666 1987 805 2052 eonuiua
828 1989 953 2071 puellas

237 2096 307 2162 Hoc
330 2115 404 2180 ego,
428 2117 491 2180 quo
514 2095 576 2159 tibi
599 2115 685 2158 nuno
708 2093 832 2178 eleucr,
854 2094 994 2180 ingenio.

191 2203 244 2266 Me
267 2204 357 2267 iuuet
379 2201 538 2266 hesternis
561 2200 705 2283 positum
729 2200 881 2286 languere
906 2204 1049 2287 corollis,

140 2327 181 2375 oo
236 2308 338 2385 Quem
361 2308 472 2393 tetigit
494 2309 581 2373 iactu
605 2310 711 2372 certus
736 2307 776 2372 ad
801 2330 876 2374 ossa
899 2309 992 2375 deus:

191 2415 287 2480 Actia
309 2414 456 2501 Vergilio
482 2418 532 2478 est
555 2413 699 2480 custodis
722 2415 821 2480 litora
844 2416 982 2501 Phoebi,

235 2521 382 2588 Caesaris
407 2525 440 2587 et
462 2521 564 2587 fortes
589 2519 693 2584 dicere
717 2543 812 2604 posse
835 2524 935 2607 rates,

187 2629 252 2704 ‘Qui
275 2651 360 2694 nuno
383 2629 512 2694 Aeneae
536 2627 669 2692 Troiani
692 2627 828 2692 suscitat
852 2651 942 2694 arma

237 2735 389 2821 laetaque
411 2734 544 2799 Lauinis
567 2734 695 2798 moenia
718 2733 878 2800 litoribus.

174 3016 242 3070 vir.
262 3037 336 3072 naor.
374 3023 408 3070 43
427 3017 547 3084 angusto
562 3018 584 3066 V
598 3032 632 3068 m.
647 3022 681 3084 2,
699 3019 736 3068 ll:
755 3019 875 3086 augusto
890 3022 909 3069 0
926 3018 930 3090 Ι
947 3035 1124 3088 compescere
1137 3024 1249 3092 scripsi:

95 3122 269 3175 componere
289 3111 308 3158 0
327 3124 348 3159 c.
368 3123 394 3159 u.
415 3111 462 3172 413
490 3104 632 3160 includere
651 3108 674 3156 V
696 3122 747 3174 mp.
767 3123 801 3160 m.
821 3112 854 3174 2,
878 3111 901 3158 11
926 3109 1009 3175 (unda
1031 3108 1163 3166 incudere
1186 3113 1249 3167 Dil-

93 3195 220 3263 thcc'us)l
249 3196 331 3251 torno
349 3199 373 3247 V
391 3197 672 3263 m.2‚11:turnco
699 3198 709 3265 l
736 3201 769 3250 45
788 3197 880 3251 tucior
898 3197 952 3251 ibis
971 3194 1065 3254 omero
1084 3204 1108 3252 11
1122 3203 1141 3267 ·Ι
1170 3203 1248 3257 Anti-

92 3285 215 3338 machus
231 3315 262 3324 —
279 3285 416 3340 Homerus
439 3285 647 3351 Lachmaunum
676 3285 752 3353 Non,
776 3301 832 3339 non
858 3286 1041 3342 Antimachus
1065 3290 1097 3341 tu
1116 3291 1136 3343 t.
1155 3290 1172 3345 1.
1192 3291 1247 3346 Ho-

94 3389 177 3427 mero
197 3391 243 3443 cpo
255 3375 359 3430 conieci
374 3375 456 3430 Misc.
474 3373 539 3428 oric.
551 3391 580 3441 p.
598 3379 631 3428 96
642 3372 694 3444 1146
709 3379 778 3443 puto
798 3376 875 3428 certa
889 3375 1116 3446 puellallll—-to
1131 3384 1195 3447 post
1214 3387 1248 3435 54

93 3463 208 3517 traiecit
230 3465 263 3518 L.
284 3465 450 3534 Muellerus,
476 3468 582 3517 51-54
601 3468 665 3531 poet
685 3469 719 3517 28
742 3464 853 3518 Birtc'us
876 3479 943 3518 mos.
967 3464 1054 3519 Rhea.
1074 3466 1177 3522 XXXII
1195 3474 1245 3523 411

95 3551 174 3618 (autc
193 3557 226 3605 51
246 3553 354 3622 aliquid
372 3553 541 3608 imercids'sse
558 3555 635 3622 puto)
654 3554 664 3621 ΙΙ
677 3557 711 3607 47
732 3551 761 3606 si
780 3556 812 3606 0:
832 3552 887 3608 Sed
907 3558 927 3604 r
946 3569 980 3608 m.
1000 3559 1033 3622 2,
1052 3557 1096 3625 111
1118 3556 1199 3625 graui
1218 3574 1247 3616 ςι

95 3640 232 3708 grauiso
258 3643 262 3708 Ι
287 3641 362 3696 subc.
382 3645 454 3696 DV:
474 3658 546 3698 suco.
567 3646 626 3693 Π
648 3642 659 3711 l
680 3647 714 3696 48
733 3640 764 3696 in
782 3639 906 3695 lacrimis
924 3646 957 3708 F,
977 3658 1046 3697 corr.
1065 3661 1116 3713 rap.
1136 3652 1210 3702 m.2
1239 3648 1247 3718 ll

94 3731 129 3780 49
151 3727 209 3782 iam
227 3732 290 3795 ll'l
324 3729 432 3798 patiere
451 3729 561 3784 labores
581 3729 767 3784 Mcrtlorrdus
799 3731 808 3799 ΙΙ
840 3736 874 3784 50
908 3730 995 3786 animi
1018 3733 1129 3802 serapti:
1152 3735 1247 3791 tamen

95 3819 114 3866 0
148 3815 151 3886 l
182 3818 241 3870 arte
260 3817 443 3873 Bscrmuarrres
474 3819 484 3886 ΙΙ
516 3824 549 3872 53
569 3817 669 3888 stigias
688 3823 747 3871 Π
780 3821 785 3887 Ι
818 3819 988 3874 testabimur
1006 3821 1096 3876 undas
1121 3823 1247 3879 Wocaea-

94 3905 219 3974 berctae:
251 3906 369 3961 restabit
400 3911 519 3976 erupnas
547 3912 568 3960 r
600 3906 718 3962 restabit
749 3909 810 3976 (om.
838 3911 896 3980 cet.)
923 3915 947 3963 ll
979 3909 1127 3966 restruerit
1158 3913 1246 3968 undas

94 3998 168 4061 Μ,
197 4011 235 4048 aa
260 3994 379 4048 restabit
401 3996 493 4062 et(=
513 3996 610 4064 etiam)
630 3995 877 4052 suessanensis
901 3998 955 4053 erit
976 4000 1173 4055 Lachmannus
1196 4000 1245 4054 ali-

95 4083 159 4150 quis
187 4083 266 4138 sedet
295 4081 400 4138 arbiter
419 4083 506 4138 undas
524 4083 645 4138 Jacobus
664 4087 746 4162 (uode
771 4087 879 4155 aliquid
897 4089 955 4141 rest
973 4087 1077 4142 arbiter
1097 4090 1214 4158 Macro)
1237 4091 1246 4161 ll

97 4177 131 4226 54
151 4173 267 4228 flumina
285 4177 309 4224 11
340 4175 349 4242 ΙΙ
381 4177 415 4226 55
444 4175 596 4229 carcar
628 4175 637 4242 ΙΙ
669 4180 702 4228 57
731 4173 869 4230 mistas!
900 4178 910 4244 ΙΙ
942 4182 976 4232 58
1006 4175 1081 4245 quod
1103 4177 1156 4230 tibi
1174 4182 1246 4245 Η

96 4267 166 4316 nal
194 4261 203 4329 ll
231 4266 264 4314 59
291 4259 406 4318 iuuats
436 4263 440 4330 Ι
469 4262 564 4316 hestcr
582 4262 625 4316 nis
643 4265 666 4313 V
685 4281 736 4333 my.
756 4280 790 4318 m.
810 4269 843 4320 2:
864 4264 966 4318 eternis
985 4270 1005 4317 1²
1024 4266 1168 4320 aeternum
1186 4271 1246 4319 nv

97 4346 218 4404 externis
236 4353 257 4400 Β
275 4365 311 4402 m.
331 4355 364 4418 2,
383 4354 407 4402 ll
434 4351 443 4418 ΙΙ
471 4355 503 4404 61
533 4350 658 4420 Vergilio
678 4355 721 4406 est
739 4354 849 4421 scripsi:
868 4352 982 4422 uirgilio
1002 4359 1020 4406 0
1039 4355 1183 4425 uirgilium
1202 4374 1218 4416 ς
1240 4359 1242 4429 l

96 4438 235 4494 lictorar
