3004 5068
281 312 374 370 XVIII
714 312 1001 368 PROLEGOIIENA.

415 474 570 552 Quamuis
593 479 626 540 te
649 476 766 561 longae
789 478 992 540 remorentur
1013 475 1085 539 fata
1107 477 1264 560 senectae,

465 580 548 647 Cara
571 586 681 676 tamen
704 581 848 646 lacrimis
872 605 947 647 ossa
969 581 1080 647 futura
1101 581 1193 646 meis.

416 687 506 764 Quae
528 691 565 754 tu
587 689 663 752 uiua
687 710 759 752 mea
781 683 887 772 possis
911 689 1031 753 sentire
1054 688 1179 752 fauilla!

465 794 547 858 Tum
572 795 652 860 mihi
675 816 740 861 non
762 795 829 860 ullo
852 817 940 860 mors
964 795 1008 860 sit
1032 817 1142 859 amara
1165 796 1246 860 loco.

283 917 334 983 his
358 921 511 1003 quattuor
534 917 682 982 uersibus
705 919 903 984 nouissimus
932 919 1036 984 editor
1058 941 1167 985 cruces
1195 919 1271 984 illas
1293 940 1438 1003 praepo-

283 1025 358 1109 suit,
377 1047 458 1109 quae
477 1025 565 1090 locos
584 1024 756 1090 insanabili
772 1026 904 1090 uulnere
922 1009 1069 1090 adflictos
1084 1026 1265 1110 designant.
1292 1027 1437 1108 tempte-

282 1155 354 1197 mus
377 1154 457 1196 num
480 1131 609 1196 fauente
630 1131 683 1195 dia
697 1129 817 1198 Oritica
839 1131 1018 1216 desperatis
1041 1133 1144 1197 uitam
1167 1132 1299 1196 reddere
1324 1131 1437 1196 liceat.

283 1239 398 1302 mortis
427 1238 490 1301 sibi
517 1237 673 1302 instantis
701 1238 899 1322 cogitatione
927 1239 1044 1303 misere
1074 1240 1218 1323 agitatus
1247 1241 1350 1322 poeta
1385 1237 1437 1302 uel

283 1348 358 1429 post
386 1343 511 1409 obitum
535 1365 569 1407 se
593 1341 767 1428 Cynthiam
791 1366 862 1408 erse
890 1349 1072 1409 amaturum
1095 1343 1279 1430 profitetur,
1306 1367 1371 1410 nec
1396 1343 1437 1407 ab

283 1451 349 1515 ulla
382 1449 468 1533 apud
499 1449 618 1515 inferos
650 1450 783 1516 heroine
810 1450 955 1516 formosa
986 1451 1072 1515 hanc
1097 1454 1303 1516 constantem
1334 1451 1437 1515 fidem

285 1557 365 1641 eripi
389 1556 451 1621 sibi
474 1578 653 1640 passurum.
685 1545 750 1622 iam
773 1557 892 1642 pergit:
912 1556 1025 1641 quodsi
1048 1560 1124 1642 post
1146 1557 1281 1642 longum
1304 1561 1438 1640 tempus

285 1664 447 1747 morieris,
469 1667 540 1727 tum
562 1667 691 1728 mortua
715 1685 840 1749 quoque
864 1664 944 1727 mihi
967 1663 1100 1727 umbrae
1128 1685 1204 1728 cara
1227 1664 1305 1746 eris,
1334 1662 1437 1727 dulci-

284 1769 409 1854 busque
433 1772 465 1833 te
489 1768 648 1852 excipiam
670 1769 813 1834 lacrimis
821 1767 861 1855 ²¹²).
894 1768 1068 1854 prudenter
1082 1769 1270 1854 Propertius
1294 1769 1328 1834 id
1348 1768 1438 1853 qnod

283 1879 334 1940 est
362 1874 414 1940 ‘tu
437 1873 582 1939 mortua'
606 1875 748 1960 imagine
778 1876 840 1941 sibi
868 1875 1020 1941 adamata
1047 1877 1207 1961 expressIt
1234 1897 1293 1960 per
1319 1895 1437 1939 uocem

285 1981 393 2047 ‘ossa'
423 1979 505 2068 (soil.
530 1979 647 2067 tur),
681 1983 728 2046 sic
759 1982 934 2047 transitum
963 1982 1003 2047 ad
1035 1983 1137 2047 uerba
1167 1981 1337 2068 sequentia
1372 1979 1437 2044 sibi

283 2110 495 2174 praeparans;
518 2109 594 2152 nam
618 2089 659 2153 ad
682 2087 780 2153 ‘ossa'
804 2092 931 2173 spectat
948 2110 1013 2153 uox
1036 2087 1150 2172 ‘quae'.
1183 2088 1239 2152 sed
1256 2089 1338 2153 haec
1353 2086 1437 2170 Oyn-

283 2196 372 2261 thiae
396 2195 467 2260 uita
489 2194 658 2259 defunctae
682 2217 758 2259 ossa
786 2217 842 2260 cur
864 2199 963 2278 poeta
985 2199 1079 2279 optat
1101 2198 1138 2260 ut
1162 2217 1221 2259 sua
1248 2194 1364 2259 fauilla
1389 2214 1436 2257 re-

284 2300 469 2368 uiuiscant?
499 2300 660 2386 quomodo
683 2301 745 2367 hoc
768 2302 838 2366 fieri
861 2300 973 2366 licuit?
1005 2301 1166 2385 quidhoc
1191 2300 1231 2366 ad
1255 2299 1437 2384 sequentia,

284 2409 458 2493 inquibus
486 2410 618 2473 ueretur
645 2407 700 2472 ille
722 2412 760 2473 ut
781 2409 912 2473 Amoris
941 2391 1036 2491 culpa
1064 2429 1218 2492 umquam
1247 2428 1324 2472 snus
1353 2404 1436 2471 cinis

285 2537 359 2580 cum
382 2515 506 2599 puellae
535 2513 641 2578 cinere
665 2513 902 2600 coniungatur?
939 2513 1039 2579 uerba
1061 2514 1163 2598 igitur
1186 2511 1238 2578 ‘tu
1260 2513 1338 2577 uiua
1362 2533 1436 2578 mea

285 2620 407 2707 possis'
432 2643 511 2687 sana
539 2642 610 2685 esse
637 2624 808 2705 nequeunt.
850 2642 918 2684 rem
948 2622 1056 2684 autem
1079 2619 1143 2684 sibi
1167 2624 1296 2704 gratam
1322 2621 1436 2686 iocun-

286 2728 423 2812 damque
443 2749 558 2812 cupere
577 2728 674 2792 debet
695 2727 723 2790 is
742 2728 833 2792 cuius
853 2728 1003 2810 deinceps
1022 2727 1102 2791 haec
1126 2729 1203 2790 sunt
1226 2727 1326 2791 uerba
1352 2727 1437 2791 ‘tum

286 2835 366 2899 mihi
394 2856 460 2900 non
483 2836 549 2900 ullo
573 2856 661 2900 mors
685 2836 728 2899 sit
755 2856 865 2899 amara
889 2832 982 2900 Ioco'.
1023 2832 1157 2918 etquid
1184 2831 1238 2896 ille
1266 2832 1436 2898 desideriis

288 2943 355 3008 suis
375 2941 556 3027 efflagitat?
588 2942 710 3034 scilicet
727 2944 765 3006 ut
779 2939 921 3026 Gynthu'a
934 2945 1063 3006 mortua
1078 2960 1186 3004 secum
1201 2940 1244 3004 sit
1259 2943 1292 3004 et
1311 2939 1436 3004 ‘mixtis

286 3049 413 3116 ossibus
437 3071 512 3114 ossa
534 3047 635 3113 terat'
660 3045 721 3133 (IV
745 3049 773 3134 l,
792 3047 836 3112 94
859 3050 892 3111 et
915 3046 948 3111 ΙΙ
970 3047 1019 3132 13,
1039 3046 1080 3111 39
1097 3043 1188 3130 sqq.).
1220 3046 1353 3110 uidesne
1376 3045 1436 3110 ali-

287 3155 384 3242 quid?
422 3155 575 3220 damnum
603 3154 799 3239 nescioquod
822 3154 856 3218 in
879 3158 987 3219 uetere
1011 3153 1189 3236 exemplari
1216 3154 1346 3236 ceperat
1369 3173 1436 3215 me·

288 3263 360 3327 dius
384 3283 511 3346 uersus,
540 3260 625 3347 quod
648 3262 820 3345 utcumque
848 3259 990 3324 eleuauit
1013 3260 1068 3344 qui
1091 3257 1270 3342 descripsit
1306 3260 1436 3335 melius,

287 3369 352 3435 nisi
371 3370 477 3454 fallor,
499 3369 547 3434 ita
565 3368 736 3432 eleuasset:
763 3366 855 3451 ‘quae
874 3387 944 3432 coro
961 3367 1059 3432 rotato
1077 3387 1150 3430 mea
1168 3365 1290 3449 possim
1314 3367 1436 3430 sentire

287 3476 427 3562 fauilla',
455 3477 490 3540 in
518 3475 636 3559 quibus
665 3474 825 3539 sentiendi
852 3473 988 3538 uerbum
1017 3472 1206 3537 inlustrabit
1228 3475 1435 3556 comparatus

287 3585 377 3649 locus
403 3582 457 3666 qui
476 3583 566 3645 extat
588 3579 814 3664 1113‚41sq.
845 3578 927 3670 tdd⁰
947 3600 986 3643 ex
1009 3578 1170 3662 prioribus
1190 3579 1311 3644 criticis
1336 3599 1435 3643 unum

287 3687 418 3753 Aetium
441 3687 573 3752 ueritati
596 3708 694 3770 quam
717 3687 898 3769 proXImum
921 3686 1038 3769 fuisse,
1060 3708 1132 3750 cum
1156 3685 1318 3751 coniceret
1341 3685 1436 3768 ‘quae
1485 3689 1486 3718 ¹

288 3794 326 3877 si,
349 3793 430 3877 uita,
458 3814 530 3857 mea
552 3792 658 3877 possis
682 3794 815 3858 miscere
839 3792 976 3876 fauilla'3
1005 3814 1064 3856 nec
1087 3795 1197 3856 tamen
1220 3793 1435 3858 mutationem

288 3901 377 3965 intra
400 3921 475 3967 suos
498 3898 645 3966 cohibuit
666 3900 757 3964 fines.
773 3935 812 3946 -
837 3899 919 3983 112,
938 3899 1061 3963 9—12:

423 4005 535 4084 Qualis
559 4009 591 4071 at
613 4004 823 4071 Ischomache
846 4004 1005 4091 Lapithae
1028 4025 1129 4090 genus
1152 4004 1286 4070 heroine

471 4109 640 4177 Centauris
663 4111 768 4176 medio
792 4115 886 4198 grata
908 4111 1023 4196 rapina
1044 4133 1141 4175 mero.

365 4253 390 4323 ⁸¹)
411 4251 546 4308 ‘lacrimis
561 4281 595 4292 -
610 4249 690 4306 meis’
712 4251 758 4322 (τι
771 4250 931 4306 lacrimanti
948 4249 1029 4307 mihi:
1049 4250 1084 4305 cl.
1102 4249 1115 4303 Ι
1133 4255 1159 4319 3,
1177 4252 1223 4320 46)
1242 4249 1435 4320 accipiendum

295 4345 340 4400 art
359 4344 394 4398 de
416 4341 518 4413 guttis,
543 4357 612 4411 quas
636 4340 714 4396 elicit
736 4339 854 4396 laetitia.
891 4341 926 4395 de
950 4339 1111 4395 umbrarum
1135 4339 1258 4396 lacrimis
1280 4339 1316 4394 cf.
1334 4358 1378 4397 ex.
1396 4361 1435 4413 gr.

289 4431 327 4488 1v
348 4435 376 4502 r,
397 4435 439 4488 se.
