3004 5068
509 353 705 410 PROPERTII
723 351 790 408 LIB.
810 353 829 406 1.
849 358 873 408 4.

193 519 239 582 Et
263 539 479 603 quascumque
503 517 582 583 tulit
603 515 740 581 formosi
763 514 919 598 temporis
944 517 1046 578 aetas:

239 622 381 709 Cynthia
403 646 469 690 non
492 624 565 688 illas
588 645 707 688 nomen
730 622 849 686 habere
873 620 972 703 sinet3

194 731 336 812 Nedum,
360 732 388 796 si
411 729 539 795 leuibus
562 729 661 794 fuerit
684 729 803 794 collata
825 725 955 810 figuris,

147 854 184 902 10
239 837 378 904 Inferior
401 837 481 902 duro
505 835 611 900 iudice
635 835 740 919 turpis
764 837 825 916 eat

194 943 283 1008 Haec
307 944 363 1008 sed
385 943 491 1008 forma
514 941 576 1006 mei
599 963 676 1024 pars
699 944 749 1006 est
771 945 915 1008 extrema
938 941 1072 1007 furoris:

239 1049 322 1114 Sunt
346 1049 485 1132 maiora,
509 1047 639 1132 quibus,
662 1045 776 1131 Basse,
799 1049 904 1132 perire
927 1049 1031 1133 iuuat,

194 1157 357 1242 Ingenuus
383 1156 472 1222 color
495 1156 528 1218 et
550 1155 660 1219 multis
685 1155 781 1219 decus
805 1155 928 1220 artibus
952 1158 985 1218 et
1008 1175 1091 1238 quae

240 1262 366 1328 Gaudia
389 1261 436 1326 sic
458 1260 558 1326 tacita
580 1259 693 1323 ducere
717 1264 824 1325 mente
847 1259 936 1326 libet.

150 1387 185 1435 15
195 1370 264 1447 Quo
288 1370 394 1454 magis
417 1373 451 1432 et
473 1370 603 1430 nostros
627 1366 795 1430 contendis
819 1365 945 1431 soluer‘e
969 1388 1110 1448 amores,

239 1474 310 1540 Hoc
334 1473 439 1558 magis
464 1473 596 1556 accepta
617 1470 705 1534 fallit
726 1473 862 1554 uterque
885 1471 957 1536 fide.

195 1581 269 1646 Nou
292 1582 412 1664 inpune
434 1579 527 1642 feres.
566 1576 645 1642 sciet
668 1576 748 1642 haec
772 1577 886 1642 insana
909 1579 1020 1661 puella

238 1686 284 1751 nt
306 1686 370 1750 tibi
392 1705 459 1750 non
480 1682 590 1747 tacitis
613 1681 746 1746 uocibus
770 1682 875 1747 hostis
899 1683 976 1767 erit,

196 1794 263 1859 Nec
286 1793 350 1857 tibi
373 1813 425 1856 me
448 1789 627 1876 posthaec
650 1789 833 1854 committet
856 1787 996 1872 Cynthia
1018 1813 1077 1856 nec
1101 1796 1133 1855 te

148 1920 185 1967 2ο
240 1899 392 1976 Quaeret:
415 1896 478 1962 erit
501 1896 587 1960 tanti
610 1895 754 1960 criminis
778 1894 837 1959 illa
859 1918 996 1978 memor,

194 2007 239 2071 Et
261 2011 293 2070 te
317 2006 436 2070 circum
460 2001 565 2068 omnis
590 2001 670 2066 alias
693 2001 778 2064 irata
800 2001 925 2084 puellas

238 2112 387 2177 Differet:
410 2111 474 2174 heu
496 2107 586 2173 nullo
610 2107 720 2171 limine
744 2128 838 2171 carus
862 2109 934 2175 eris.

197 2218 313 2283 Nullas
336 2213 394 2280 illa'
418 2214 484 2280 suis
509 2215 693 2280 contemnet
714 2212 845 2277 fletibus
868 2235 955 2298 aras,

238 2324 284 2389 nt
308 2323 500 2409 quicumque
524 2341 626 2404 sacer,
651 2319 770 2404 qualis,
793 2320 923 2403 ubique,
948 2321 1040 2404 lapis.

150 2432 270 2497 25Non
295 2431 360 2495 ullo
385 2428 517 2515 grauius
542 2428 721 2510 temptatur
745 2423 885 2510 Cynthia
908 2421 1043 2492 damno⁸

240 2539 343 2613 Quam
367 2537 430 2602 sibi
454 2559 525 2601 cum
548 2537 642 2619 rupto
667 2535 773 2598 cessat
796 2555 904 2598 amore
929 2534 1021 2614 deus,

194 2643 371 2728 Praecipue
393 2645 514 2708 nostro.
552 2643 683 2704 maneat
706 2639 752 2703 sic
776 2660 914 2724 semper,
939 2640 1052 2726 adoro,

241 2749 310 2814 Nec
333 2748 504 2833 quicquam
528 2768 566 2811 ex
588 2745 645 2809 illa
669 2744 755 2829 quod
779 2767 895 2828 querar
920 2746 1093 2811 inueniam.

177 3031 245 3086 Vna.
263 3051 336 3086 nucu.
380 3035 394 3083 7
415 3028 509 3082 malim
526 3026 628 3081 famosi
646 3026 729 3094 (tono
746 3027 878 3080 nimirum
896 3027 1107 3096 cipuificatioue)
1120 3032 1160 3098 118
1180 3029 1254 3085 sinat

103 3129 137 3176 0:
159 3121 232 3175 sinet
249 3125 272 3172 V
290 3137 323 3174 m.
343 3122 363 3174 2
385 3119 395 3187 ΙΙ
418 3125 434 3172 9
452 3117 547 3170 fuerat
564 3119 617 3168 Ar
637 3115 679 3183 (iu
696 3115 746 3169 hoc
763 3129 832 3169 corr.
852 3131 885 3168 m.
905 3119 937 3182 2)
960 3117 969 3184 Ι
994 3122 1026 3171 10
1045 3119 1106 3172 erat
1123 3124 1144 3170 V
1163 3120 1255 3184 e{at

102 3216 125 3263 A
141 3213 152 3280 ΙΙ
168 3216 199 3264 13
218 3209 294 3264 color
317 3212 348 3262 0:
368 3207 445 3262 calor
457 3206 592 3274 Jacobcs,
606 3208 753 3273 postquam
769 3203 860 3272 pudor
873 3209 898 3258 et
912 3203 991 3274 lepor
1009 3205 1061 3260 alii
1078 3207 1254 3273 praemium

101 3299 153 3354 scd
169 3297 306 3366 ingenuus
325 3294 402 3350 color
420 3299 495 3350 ectot
513 3293 589 3362 apud
609 3292 771 3346 Petroniam
789 3293 874 3361 epiyr.
894 3297 937 3359 47,
958 3298 972 3346 V
991 3293 1093 3348 Bacch.
1123 3294 1128 3362 Ι
1156 3294 1186 3348 et
1203 3311 1253 3350 om.

103 3393 125 3440 P
145 3403 180 3440 m.
199 3391 228 3454 1,
249 3385 324 3440 wude
341 3385 406 3438 hoec
424 3399 450 3450 q;
467 3386 529 3450 poet
547 3380 683 3452 ingenuus
701 3397 788 3450 cupra
807 3381 854 3435 liu.
870 3380 981 3435 addidit
996 3381 1000 3450 Ι
1018 3381 1101 3435 decor
1114 3379 1255 3436 Bentleiuc

101 3473 211 3530 multus
225 3473 310 3529 decor
324 3473 440 3528 artubus
455 3471 579 3526 Stultius
595 3473 599 3538 Ι
615 3474 634 3538 (Ι
653 3486 686 3524 ec
700 3487 726 3537 q;
747 3485 815 3524 cour.
834 3474 857 3520 n
871 3469 881 3538 ΙΙ
896 3474 929 3522 14
948 3467 988 3523 sic
1006 3469 1117 3537 scripsi:
1137 3469 1189 3523 sub
1208 3475 1226 3522 ο
1248 3469 1252 3542 Ι

104 3566 208 3618 ducere
228 3562 313 3618 Itali:
332 3561 425 3616 dicere
445 3566 463 3613 0
480 3564 484 3628 Ι
500 3559 593 3614 mente
614 3559 815 3626 Marmaridas,
835 3573 881 3626 epo
900 3558 958 3612 coll.
984 3556 1061 3627 Verp.
1077 3557 1254 3612 Aea.1502:

103 3654 185 3708 ueste
205 3656 238 3719 ος
261 3652 308 3705 scd
325 3651 431 3720 paedia
449 3649 638 3726 commeatio,
664 3648 713 3702 ati
726 3653 791 3716 post
808 3664 835 3701 u.
857 3651 887 3699 11
908 3647 940 3701 de
958 3645 1024 3700 colis
1042 3646 1129 3700 animi
1147 3647 1255 3702 dotibus

103 3743 214 3812 opiter,
232 3755 437 3796 commemorare
449 3754 567 3808 prorsus
586 3738 717 3792 absonum
741 3738 745 3806 Ι
769 3735 839 3790 licet
856 3735 1006 3790 mnemon
1032 3737 1041 3804 ΙΙ
1071 3741 1103 3789 16
1124 3737 1253 3808 accepta]

104 3831 214 3885 asserta
231 3829 366 3884 Heinsius
390 3827 514 3882 adducta
531 3826 718 3881 Marklaudcc
747 3827 752 3895 Ι
781 3824 857 3878 fallis
879 3825 1029 3892 utrumque
1052 3826 1177 3895 (unque)
1196 3833 1217 3878 1)
1232 3831 1255 3878 V

104 3919 200 3988 (taius
217 3935 252 3974 m.
272 3923 291 3973 2
311 3921 391 3986 corr.)
406 3920 415 3986 Ι
430 3922 462 3971 17
482 3915 549 3985 imp.
568 3919 591 3968 A
604 3922 626 3967 n
640 3919 663 3966 V
679 3917 683 3984 Ι
703 3914 801 3968 insane
821 3913 987 3985 Gryphium
1005 3914 1015 3982 Ι
1035 3918 1067 3967 19
1086 3914 1215 3969 comittet
1231 3919 1254 3966 A

104 4005 239 4062 comictet
256 4010 277 4056 V
293 4006 297 4072 Ι
313 4021 365 4058 nec
383 4004 424 4071 tc]
443 4003 560 4073 postheo
578 4008 610 4072 N,
628 4004 675 4057 ced
693 4019 760 4057 corr.
778 4019 813 4058 m.
834 4006 849 4055 1
874 4003 883 4070 Ι
906 4008 938 4056 21
960 3999 1050 4056 omnis
1067 4008 1089 4053 1)
1104 4005 1139 4055 V:
1159 4017 1254 4056 omnen

103 4103 129 4149 A
144 4100 168 4146 Ν
187 4094 246 4148 onis
262 4099 284 4145 12
307 4095 316 4162 ΙΙ
343 4099 377 4146 22
405 4090 522 4146 Differet
539 4097 560 4144 V
578 4108 613 4146 m.
632 4097 665 4159 2,
683 4097 720 4145 V:
739 4090 840 4146 Differt
853 4094 910 4143 An
928 4089 1042 4144 Deteret
1059 4096 1081 4141 D
1095 4094 1118 4141 V
1137 4089 1256 4157 (Diseret

103 4183 190 4240 huius
207 4199 241 4236 m.
261 4186 291 4252 2)
318 4183 321 4247 Ι
346 4180 451 4236 lumine
469 4185 493 4232 A
506 4185 527 4232 1²
554 4181 563 4249 ΙΙ
591 4186 624 4234 23
643 4179 743 4234 Nullos
761 4183 784 4232 A
797 4184 818 4230 V
842 4181 847 4249 Ι
872 4178 1053 4246 contempnet
1070 4182 1093 4229 A
1106 4183 1127 4230 1²
1141 4182 1178 4245 ΙΙΙ
1199 4194 1255 4232 nou

105 4274 199 4343 tinget
217 4274 286 4327 coni.
307 4271 442 4326 Heinsicu
454 4271 464 4338 ΙΙ
485 4274 519 4322 24
538 4269 586 4340 Et]
606 4268 665 4322 Nec
684 4268 844 4336 Hocufftiuc
862 4268 901 4322 Ut
918 4265 1085 4322 Fontciuius
1103 4266 1154 4320 Est
1172 4265 1253 4322 Occu.

104 4363 299 4432 Rossbarpic83
318 4362 434 4428 fortasse
453 4358 497 4413 Sit
514 4361 524 4427 ΙΙ
541 4363 575 4411 25
594 4358 718 4412 tentatur
737 4367 758 4412 1)
774 4362 797 4409 V
813 4358 818 4427 Ι
833 4358 955 4427 dampno
974 4361 998 4408 V
1025 4358 1034 4424 Ι
1061 4361 1095 4409 27
1113 4357 1209 4412 nostro
1228 4370 1254 4424 ς,

105 4452 255 4508 Heinsius:
274 4446 362 4503 nostri
381 4450 423 4517 οΙΙ
438 4453 471 4501 28
490 4445 624 4515 quiquam
642 4451 665 4498 A
