3052 5044
430 347 627 403 Pssopua'rfl
646 347 713 406 urs.
735 349 781 404 111.
803 351 852 421 [a]
872 356 896 406 a

178 512 247 576 Nee
270 509 428 575 Mausolei
453 511 542 575 diues
566 510 698 576 fortuna
720 513 858 596 sepulcri

128 634 166 680 20
222 616 341 682 Mortis
365 617 407 682 ab
431 621 574 682 extrema
596 619 783 684 condicione
806 624 933 685 uacant.

178 725 247 787 Aut
270 723 335 788 illis
359 724 490 789 flamma
514 727 571 788 aut
593 724 696 789 imber
719 725 877 790 subducet
900 727 1054 810 honorae,

222 832 394 897 Annorum
419 835 475 895 aut
497 832 568 915 ipso
591 831 732 916 pondere
755 832 842 896 uicta
865 837 969 897 ruent.

177 938 223 1001 At
244 957 312 1002 non
335 938 466 1022 ingenio
490 938 672 1022 quaesitum
695 961 814 1003 nomen
837 939 878 1004 ab
903 960 983 1004 aeuo

221 1043 372 1109 Excidet:
396 1044 526 1130 ingenio
551 1047 618 1108 stat
642 1043 709 1108 sine
733 1047 836 1108 morte
860 1044 965 1110 decus.

631 1457 695 1528 ΠΙ.

175 1611 274 1678 Visus
299 1635 388 1678 eram
412 1614 502 1678 molli
525 1614 683 1678 recub'ans
707 1613 873 1678 Heliconis
897 1614 932 1677 in
956 1613 1086 1696 umbra,

221 1719 487 1804 Bellerophontei
512 1743 575 1804 qua
599 1720 670 1783 fluit
693 1720 808 1784 humor
832 1721 919 1806 equi,

125 1895 129 1904 ,
176 1827 297 1912 Reges,
320 1826 420 1909 Alba,
443 1831 518 1892 tuos
542 1829 574 1890 et
596 1846 709 1911 regum
732 1826 821 1890 facta
844 1830 990 1909 tuorum,

220 1932 361 1996 Tantum
385 1933 505 2017 operis,
527 1933 638 1997 neruis
662 1932 786 1997 hiscere
809 1954 904 2015 posse
928 1933 1023 2017 meis,

146 2039 345 2124 5Paruaque
368 2040 434 2104 iam
457 2041 584 2124 maguis
609 2039 774 2103 admoram
798 2039 944 2104 lontibus
968 2063 1041 2118 ora,

220 2144 313 2210 Unde
336 2150 429 2230 pater
453 2146 567 2210 sitiens
590 2145 716 2210 Ennius
740 2150 815 2209 ante
839 2146 924 2210 bibit

173 2252 219 2316 Et
242 2251 359 2316 cecinit
382 2252 496 2318 Ourios
519 2252 636 2316 fratres
661 2254 693 2316 ct
715 2251 854 2318 Horatia
877 2251 963 2335 pila'

220 2357 388 2442 Regiaque
412 2358 553 2422 Aemilia
575 2362 669 2423 uecta
692 2362 827 2442 tropaea
849 2362 919 2423 rate

177 2463 399 2549 Victricesque
423 2487 530 2531 moras
554 2463 649 2529 Fabii
672 2485 877 2550 pugnamque
902 2465 1066 2530 sinistram

129 2589 164 2635 10
221 2569 424 2636 Cannensem
449 2576 482 2636 ct
505 2592 615 2636 uersos
640 2571 680 2635 ad
703 2572 758 2655 pia
781 2575 859 2636 uota
882 2572 958 2636 deos

176 2676 455 2761 Hannibalemque
478 2677 577 2741 Lares
601 2675 751 2742 Romana
774 2679 848 2742 sede
871 2678 1036 2763 fugantes,

219 2784 357 2860 ,Anseris
381 2787 414 2847 et
436 2787 544 2847 tutum
567 2805 646 2848 uoce
670 2783 769 2847 fuisse
794 2784 919 2849 Iouem:

176 2889 257 2956 Cum
281 2913 332 2954 me
357 2888 501 2954 Castalia
524 2889 695 2974 speculans
719 2912 757 2953 ex
781 2891 896 2955 arbore
921 2891 1069 2957 Phoebus

221 2995 274 3061 Sic
298 2998 358 3080 ait,
382 3001 496 3061 aurata
519 2997 614 3062 nixus
637 2996 676 3060 ad
701 2999 795 3061 antra
818 2997 901 3081 lyra:

133 3121 164 3168 15
176 3103 273 3180 ‘Quid
298 3105 358 3168 tibi
382 3125 454 3168 cum
478 3102 551 3186 tali,
575 3101 721 3185 demens,
745 3106 796 3166 est
818 3103 973 3168 flumine?
997 3105 1069 3189 quis
1092 3108 1124 3170 te

158 3348 227 3404 Vsu.
247 3369 322 3404 incr.
362 3354 393 3402 19
413 3347 554 3417 sepulchri
574 3353 598 3400 n
613 3347 666 3419 ltro
685 3347 844 3404 conditione
862 3356 884 3401 0
898 3354 919 3401 F
931 3350 935 3420 l
947 3352 1031 3405 uacat
1049 3357 1070 3402 n
1085 3355 1107 3402 V
1120 3350 1130 3421 Η
1144 3359 1176 3404 ‘21
1192 3350 1236 3405 illi

83 3448 123 3507 D,
139 3444 161 3491 V
180 3457 214 3492 m,
233 3444 249 3492 1
266 3442 270 3508 Ι
287 3437 417 3492 subducit
430 3442 453 3489 n
467 3438 476 3505 ΙΙ
490 3443 524 3490 ‘22
543 3439 692 3491 Armorum
706 3441 727 3488 F
743 3439 748 3506 Ι
763 3436 839 3491 haud
852 3442 873 3489 F
887 3455 921 3492 m.
937 3444 956 3494 2
973 3443 977 3507 Ι
993 3439 1055 3508 ipso
1070 3439 1237 3494 Fontciniua

82 3537 110 3584 et
130 3529 293 3583 Sententiae:
318 3527 375 3581 ictu
394 3532 453 3579 Η
471 3527 544 3581 ictus
562 3535 585 3580 n
603 3526 699 3590 ictu}
717 3529 740 3576 V
769 3527 773 3592 l
803 3526 925 3596 pondere
944 3533 1003 3580 DV
1018 3532 1053 3582 V:
1072 3528 1197 3598 pondera
1215 3533 1236 3580 r

81 3619 136 3674 aut
153 3617 212 3672 ictu
231 3619 281 3670 ant
298 3616 421 3685 pondere
446 3615 592 3682 Witbofiws
611 3616 661 3668 aut
678 3614 765 3669 tacito
784 3616 906 3684 pondere
925 3617 1059 3672 Eldilciun

156 3722 204 3776 Ill.
242 3723 328 3776 Noun
351 3723 436 3794 eleqa'n
460 3723 493 3775 in
510 3726 530 3773 0
554 3721 703 3788 (somnium
726 3721 862 3791 propertii
879 3729 901 3774 0
916 3727 939 3774 V
965 3723 1081 3778 tertium
1109 3741 1236 3778 somnum

81 3810 223 3883 propertii
236 3811 268 3879 r)
282 3812 292 3880 n
306 3817 322 3865 0
337 3809 556 3866 Bellerofontaei
570 3817 591 3862 0
607 3809 855 3900 BellQrophonmi
873 3816 894 3862 r
913 3811 1091 3867 elleforontei
1109 3814 1170 3882 (cm.
1185 3815 1236 3868 litt.

82 3919 160 3986 intr.)
178 3921 202 3969 lt
221 3914 423 3988 Bellerofontei
441 3915 509 3986 Vllt
526 3915 618 3984 dicere
633 3917 845 3988 Scluadrrnrl5
861 3918 1008 3986 Pronaque
1023 3918 1057 3972 L.
1068 3919 1218 3973 Muellerus
1227 3919 1236 3989 ll

83 4009 143 4062 iam
163 4007 288 4077 ducetur
306 4012 331 4060 et
345 4005 492 4059 Heinsius:
512 4008 571 4060 tam
586 4007 623 4077 ⁰ll
638 4013 653 4060 6
673 4006 774 4061 siciens
792 4014 813 4060 0
833 4006 924 4060 sciens
938 4010 962 4058 ll
976 4006 978 4077 l
991 4006 1098 4060 emnius
1112 4011 1134 4058 F
1147 4023 1181 4061 m.
1196 4012 1212 4060 1
1231 4007 1234 4077 l

83 4097 173 4153 ibitis
182 4095 216 4168 ll'l
231 4093 321 4150 cecini
335 4095 407 4149 Itali
422 4096 426 4163 1
443 4094 566 4149 coriosn
578 4095 581 4168 Ι
594 4095 686 4150 cratia
700 4100 718 4147 0
734 4096 826 4164 (etium
840 4098 874 4165 ll)
888 4097 899 4165 l
912 4101 928 4150 8
942 4096 1022 4150 milia
1031 4100 1054 4147 IV
1070 4098 1075 4162 Ι
1090 4097 1235 4166 tropeall:

83 4186 206 4256 trophea
225 4186 297 4254 ⁰l⁹
317 4182 466 4252 Victrices,
486 4200 537 4240 om.
556 4199 623 4254 quc,
642 4188 663 4235 F
685 4185 695 4254 [Ι
719 4190 752 4238 10
771 4199 866 4238 uersos
884 4183 949 4253 apia
967 4189 989 4236 n
1008 4185 1018 4252 ΙΙ
1043 4190 1074 4236 11
1094 4183 1235 4238 Hanib.r

84 4275 188 4329 Annib.
208 4276 243 4342 (A
269 4291 302 4328 ec
320 4277 442 4342 corr.)V
476 4275 480 4343 Ι
514 4274 588 4327 lares
611 4277 644 4326 V:
673 4273 780 4327 alacres
798 4277 857 4326 BV
875 4273 931 4342 (sed
957 4273 989 4326 in
1016 4273 1065 4326 tec
1088 4290 1144 4340 mq3
1167 4288 1185 4325 a
1203 4289 1236 4326 en

85 4379 155 4420 corr.
175 4380 209 4416 m.
224 4364 255 4432 2)
269 4362 354 4417 lacies
373 4367 397 4415 ll
419 4365 429 4432 fl
454 4369 485 4418 13
505 4362 584 4417 lebus
602 4367 624 4414 F
643 4363 652 4432 l
673 4368 705 4416 14
728 4361 808 4417 nixus
827 4368 848 4414 r
866 4379 899 4416 m.
920 4367 935 4416 1
955 4362 1056 4430 (niseus
1073 4367 1095 4412 0
1114 4377 1165 4430 my.
1181 4377 1236 4431 pro

87 4470 151 4508 aar.
171 4453 240 4521 lect.)
