3046 5032
433 332 782 390 Psopua‘rnmss.111.
802 339 845 392 22.
864 341 907 389 23.

230 494 298 562 Nec
321 496 422 561 soluit
445 495 575 562 Danaas
599 497 730 563 subdita
751 519 848 562 cerua
870 501 972 583 rates,

137 620 174 670 35
184 603 316 671 Cornua
338 625 397 669 nec
420 605 523 670 ualuit
545 627 680 671 camare
702 605 736 668 in
758 605 882 689 paelice
904 604 987 674 Iuno

230 711 277 776 Ac
301 711 417 778 faciem
439 714 529 797 turpi
550 712 740 777 dedecorare
762 714 860 797 boue,

661 857 679 897 ¹l=

571 946 590 986 ³l‘
750 947 768 986 ἡ(

183 1049 413 1136 Arboreasque
437 1073 545 1116 cruces
570 1047 669 1134 Sinis,
692 1053 726 1114 el
747 1071 813 1115 non
836 1051 968 1135 hospita
991 1050 1086 1118 Grais

230 1155 328 1236 Saxa,
353 1161 386 1222 el
408 1162 559 1223 curuatas
583 1157 618 1221 in
641 1179 700 1222 sua
722 1157 792 1221 fata
814 1157 932 1222 trabes.

183 1264 275 1329 Haec
297 1265 371 1350 tibi,
395 1264 501 1348 Tulle,
524 1287 654 1349 parens,
676 1265 756 1330 haec
780 1266 1070 1349 osipulcherrima
1093 1268 1198 1352 sedes,

137 1388 173 1436 40
228 1370 290 1436 Hic
313 1371 374 1437 tibi
396 1393 455 1455 pro
479 1370 578 1455 digna
602 1372 698 1454 gente
721 1372 879 1454 petendus
902 1372 1019 1458 honos,

183 1477 246 1543 Hic
267 1477 329 1541 tibi
352 1476 392 1543 ad
415 1478 580 1561 eloquium
604 1477 704 1561 ciues,
728 1476 781 1541 hic
804 1477 913 1560 ampla
934 1483 1089 1563 penatum

227 1581 308 1668 Spes
332 1587 365 1648 et
388 1586 544 1648 uenturae
568 1582 715 1667 coniugis
739 1586 834 1666 aptus
858 1605 957 1648 amor.

560 1815 772 1824 ——-—-—--·——

602 1993 733 2067 XXIII.

181 2151 271 2236 Ergo
294 2155 363 2216 tam
386 2150 499 2215 doctae
521 2152 617 2217 nobis
640 2151 763 2235 periere
786 2152 940 2236 tabellae,

226 2257 353 2342 Scripta
376 2257 492 2341 quibus
514 2258 637 2342 pariter
659 2261 711 2322 tot
733 2257 856 2342 periere
879 2258 975 2322 bona.

181 2365 251 2429 Has
275 2364 438 2449 quondam
462 2365 582 2429 nostris
606 2365 757 2430 manibus
781 2365 957 2430 detriuerai
979 2387 1071 2448 usus,

226 2470 289 2547 Qui
312 2493 379 2537 non
402 2472 549 2556 signatas
572 2471 670 2536 iussit
692 2472 812 2537 habere
835 2471 941 2536 fidem.

151 2578 258 2644 eIllae
281 2579 347 2643 iam
370 2579 439 2643 sine
463 2598 514 2642 me
536 2580 656 2643 norant
678 2579 808 2661 placare
830 2579 985 2663 puellam,

223 2683 269 2750 Et
291 2684 449 2768 quaedam
473 2684 543 2748 sine
567 2706 618 2748 me
641 2686 741 2750 uerba
764 2685 885 2749 diserta
907 2683 1005 2769 loqui.

178 2787 256 2855 Non
277 2791 352 2855 illas
375 2791 475 2855 fixum
498 2812 589 2855 caras
613 2790 762 2856 effecerat
784 2813 912 2856 aurum:

224 2893 363 2982 Vulgari
386 2897 472 2962 buxo
495 2895 626 2962 sordida
650 2917 723 2962 cera
745 2897 815 2962 nit.

180 3003 435 3087 Qualescumque
458 3003 540 3068 mihi
563 3025 690 3088 semper
712 3025 860 3069 mansere
882 3004 1007 3089 fideles,

134 3126 169 3176 10
225 3107 359 3193 Semper
381 3113 415 3174 et
437 3110 569 3174 effectus
592 3131 799 3195 promeruere
821 3110 934 3176 bonos.

177 3215 330 3282 Forsitan
351 3216 432 3282 haec
453 3216 520 3280 illis
543 3217 664 3281 fuerint
686 3216 840 3281 mandata
862 3218 1005 3301 labellis,

162 3447 231 3501 Vna.
250 3465 325 3499 naor.
362 3450 397 3499 34
415 3443 474 3500 Nec
491 3449 563 3498 H:
582 3444 647 3498 Non
663 3451 685 3496 n
699 3448 722 3495 v
744 3445 755 3512 0
777 3449 812 3498 35
831 3445 920 3513 pelice
939 3451 975 3499 R:
993 3446 1096 3514 pellice
1115 3453 1134 3499 0
1151 3447 1155 3514 Ι
1171 3449 1237 3502 uino

86 3541 110 3588 10
124 3537 135 3604 0
149 3542 183 3590 30
202 3537 243 3590 Ac
261 3535 373 3603 scripsi:
392 3534 450 3587 Aul
468 3537 487 3585 0
506 3535 516 3602 00
530 3537 595 3602 post
613 3539 648 3587 36
667 3533 775 3602 aliqur'si
792 3535 962 3589 intercidisse
978 3535 1136 3602 suspicamr
1154 3535 1236 3589 Irini·

86 3626 167 3680 rreius
180 3626 190 3694 0
204 3630 238 3679 37
258 3622 331 3678 senis
349 3626 369 3674 0
389 3624 430 3690 (in
448 3627 472 3674 n
485 3637 623 3690 suprascr.
642 3638 676 3675 n.
697 3623 755 3676 aad.
776 3621 869 3690 cinie);
889 3622 979 3678 Scinis
993 3623 1148 3678 Beroaldus
1162 3623 1236 3680 Sinis

82 3714 249 3784 posteriores
264 3715 269 3782 0
285 3714 314 3767 ei
331 3727 383 3766 om.
402 3716 423 3762 Γ
448 3713 452 3779 0
476 3727 533 3765 non
551 3726 601 3767 om.
620 3717 655 3779 r,
674 3711 738 3766 add.
757 3728 809 3780 rna.
828 3728 862 3766 m.
881 3716 902 3767 2
923 3714 927 3780 Ι
951 3711 1038 3782 grais,
1057 3712 1099 3766 iia
1116 3716 1136 3764 0
1163 3714 1173 3782 00
1201 3719 1235 3768 38

87 3804 217 3870 Saxaque
240 3803 388 3856 curuantes
406 3805 428 3852 V
447 3816 498 3868 my.
517 3817 550 3854 m.
570 3805 603 3865 23
624 3785 749 3854 curtatus
769 3798 891 3854 Puceius
920 3802 924 3867 0
953 3798 1025 3855 ratu
1048 3801 1085 3869 <u
1103 3818 1136 3856 en
1155 3806 1235 3871 corr.)

86 3897 121 3958 Ἐς
145 3891 240 3945 malim
257 3889 287 3944 in
305 3889 365 3942 fera
382 3889 442 3943 fala
463 3890 520 3956 039
539 3887 693 3957 pulcerima
710 3893 731 3939 1³
754 3888 764 3957 0
785 3893 819 3942 40
838 3887 891 3942 Hic
909 3904 943 3942 en
961 3888 1020 3943 Hec
1038 3905 1106 3946 corr.
1125 3896 1145 3942 1³
1168 3892 1178 3960 0
1200 3896 1232 3944 41

87 3980 164 4036 ciues
183 3983 354 4048 corruptum
374 3994 470 4032 cursus
485 3992 502 4035 ς
520 3976 567 4031 uia
579 3977 636 4031 fert
649 3977 783 4032 Heinsius
796 3975 870 4031 uires
884 3978 1067 4032 Burmannus
1082 3981 1086 4047 Ι
1101 3981 1233 4048 penatum

88 4068 190 4137 scripsi
210 4067 293 4121 Mssa.
312 4066 380 4122 ont.
395 4083 426 4134 p.
447 4070 511 4120 106:
529 4067 663 4135 nepotum
682 4069 702 4117 0

160 4173 259 4228 XXIII.
295 4172 381 4227 Noua
399 4171 483 4241 aleym
501 4188 562 4226 curn
580 4172 661 4225 titulo
680 4170 715 4225 de
732 4171 837 4225 rabulis
855 4169 972 4240 perdicis
990 4171 1022 4224 in
1041 4176 1059 4222 0
1083 4172 1093 4239 00
1120 4177 1134 4224 1
1153 4171 1235 4227 uobis

87 4271 161 4318 rm.
182 4263 251 4331 1οἳ
269 4261 326 4332 tol]
346 4276 403 4316 non
421 4262 494 4329 Fla
513 4260 648 4314 uestris!
667 4263 778 4314 nostras
796 4265 821 4311 K
838 4259 1233 4329 sn.11delueritrl4non]

87 4352 172 4408 modo
190 4355 213 4402 V
231 4366 281 4419 ma.
301 4367 335 4406 ru.
355 4355 375 4405 2
398 4350 408 4418 0
430 4356 446 4404 5
465 4349 589 4419 puellam
608 4363 636 4406 s:
656 4349 765 4418 puellas
783 4352 802 4400 0
825 4350 835 4419 0
859 4355 889 4403 11
909 4348 1013 4404 fuerint
1030 4354 1066 4403 N:
1085 4348 1196 4404 fuerant
1214 4354 1234 4402 0

86 4440 202 4496 fuerunt
219 4439 272 4493 alii
