3004 5068
489 349 773 410 Paonneouartl.
1144 351 1210 405 XIII

59 519 163 583 lectio
183 518 277 582 uelles
297 521 346 600 at,
375 531 439 601 qua
461 517 663 601 ineptissime
682 515 723 580 ad
746 519 894 580 catenam
917 514 955 578 ne
978 512 1154 598 adlocutlo,
1177 513 1213 577 in

61 634 124 690 DV
150 621 302 709 (indeque
326 625 361 688 in
378 633 411 689 N
428 620 572 707 recepta)
595 625 694 706 extat,
717 643 790 686 cum
808 630 835 684 V
853 620 975 686 habeat
996 621 1086 686 stellet
1107 625 1152 684 ut·
1179 622 1213 684 et

62 731 122 796 boc
147 732 183 796 in
207 739 238 794 0
257 731 336 795 olins
363 731 496 808 butum,
522 727 603 792 illud
632 727 674 794 ob
702 729 841 792 metrum
867 724 1061 810 rescriptum
1089 745 1160 789 esse
1184 725 1213 788 si

63 838 247 921 statuimus,
271 837 404 902 meliore
423 857 521 920 quam
539 835 616 900 ltali
635 853 784 898 successu
807 833 853 896 sic
871 831 1124 897 emendabimus:
1149 829 1213 894 ‘sic

62 965 121 1010 nos
146 945 268 1009 uincIre
291 947 408 1009 cetam
430 941 539 1008 Vellet
561 942 611 1005 uti
632 938 835 1025 numquam'3
864 959 940 1003 nam
964 943 998 1003 et
1019 937 1212 1024 frequentia-

65 1053 144 1114 sime
169 1049 241 1114 ‘ua’
265 1050 348 1116 abiit
370 1050 405 1114 in
429 1047 488 1114 ‘ut'
512 1052 546 1112 et
567 1047 660 1111 fauet
681 1045 862 1110 sententiae
884 1045 1056 1110 restitutae
1070 1044 1214 1110 Pseudo-

64 1157 170 1222 tibull.
188 1156 238 1222 ΙΠ
261 1156 431 1242 4,15sq.:
453 1155 525 1220 ‘sed
549 1155 658 1239 potius
681 1153 792 1218 ualida
814 1156 982 1217 teneamur
1004 1155 1139 1236 uterque
1162 1173 1213 1216 ca-

64 1267 154 1345 tena,
186 1261 286 1327 Nulla
318 1265 416 1347 queat
448 1262 584 1347 posthac
614 1281 674 1326 nos
705 1259 842 1328 soluisse
870 1258 964 1324 dies'.
1002 1259 1049 1323 sic
1076 1258 1214 1342 denique

65 1369 113 1434 ΠΙ
140 1370 196 1454 11,
219 1369 276 1434 δῦι

200 1511 279 1577 Tres
302 1511 359 1576 ubi
381 1510 536 1595 Pompeio
560 1509 701 1574 detraxit
722 1509 845 1574 harena
867 1508 1064 1592 triumphos,

67 1693 137 1736 cum
168 1694 233 1755 quo
264 1672 333 1738 iure
364 1675 462 1755 poeta
491 1693 521 1734 u.
545 1669 586 1734 37
602 1691 650 1754 sq.
678 1669 787 1735 subibo
817 1669 857 1734 ad
886 1669 995 1753 ipsum
1024 1667 1215 1750 Pompeium

67 1779 167 1844 uerba
189 1779 317 1863 derigat
342 1779 456 1861 lateat,
484 1776 729 1861 repudiabimus
755 1775 835 1840 illud
863 1781 923 1841 tres
953 1775 1007 1840 abi
1030 1775 1216 1858 pompeios,

68 1894 132 1952 DV
155 1884 334 1969 horumque
353 1884 482 1950 adsecla
496 1892 529 1948 IV
544 1882 795 1967 suppeditatum,
818 1886 851 1946 et
869 1904 928 1965 pro
952 1880 1119 1965 archetypi
1139 1881 1216 1945 scri-

69 1996 165 2074 ptura
186 1991 380 2056 habebimus
403 1989 436 2054 id
460 1989 546 2074 quod
563 1999 590 2053 V
613 1990 750 2074 praebet
761 1988 828 2053 Hec
846 1988 903 2052 tibi
914 1987 1065 2070 peramato.
1097 1986 1215 2068 inquo

71 2097 197 2162 datiuus
221 2094 413 2181 ‘Pompeio',
434 2118 506 2160 cum
529 2100 698 2179 praeterea
722 2093 807 2160 ‘tibi'
832 2095 873 2158 ab
896 2093 976 2159 ‘ubi'
999 2094 1055 2158 uix
1078 2092 1218 2158 discerni

69 2208 179 2288 posset
207 2205 243 2268 in
265 2212 307 2287 0,
334 2202 441 2267 effecit
467 2205 505 2265 ut
530 2201 674 2267 familiae
701 2210 765 2266 DV
792 2221 911 2285 parens
937 2203 1109 2284 reponeret
1136 2197 1217 2262 illud

73 2309 153 2376 ‘tres
176 2309 259 2375 ubi’.

157 2433 203 2500 aa
223 2434 305 2499 haec
329 2433 457 2519 quidem
481 2434 641 2517 exempla,
669 2453 750 2516 quae
774 2453 813 2496 ex
840 2430 952 2495 multis
981 2451 1127 2514 promere
1151 2429 1216 2494 sul-

72 2541 153 2625 fioit,
176 2541 208 2605 id
237 2539 323 2624 quod
349 2540 426 2604 uolo
454 2539 585 2604 docent:
613 2538 649 2602 in
676 2538 811 2602 duarum
842 2535 1039 2601 familiarum
1070 2528 1218 2601 dissensu

73 2647 201 2712 calculis
225 2667 264 2712 ex
283 2665 479 2732 unoquoque
495 2646 567 2711 loco
586 2645 697 2730 petitis
717 2644 832 2709 debere
853 2644 1001 2728 discerni,
1024 2648 1099 2708 utra
1121 2643 1218 2708 lectio

73 2754 106 2816 in
129 2763 156 2817 0
177 2753 288 2838 fuerit,
316 2773 420 2837 neque
443 2769 501 2836 per
524 2775 558 2817 se
582 2752 773 2816 alterutram
796 2752 933 2817 classem
956 2751 1151 2835 praeualere.
1178 2787 1215 2798 -

74 2881 174 2943 pauca
201 2858 339 2924 adiciam
362 2858 401 2923 de
429 2858 556 2924 ratione
579 2879 661 2944 quae
689 2859 774 2923 inter
803 2857 951 2943 singulos
980 2857 1148 2940 utriusque
1172 2856 1218 2920 fa-

74 2965 179 3030 miliae
201 2966 304 3031 libros
327 2965 516 3030 intercedat.
554 2967 588 3028 et
604 2975 631 3029 V
654 2965 784 3049 quidem
802 2965 876 3030 inde
896 2987 915 3030 a
938 2963 971 3028 II
993 2966 1020 3049 1,
1035 2964 1078 3028 64
1098 2964 1218 3028 codicis

75 3082 104 3136 Δ
126 3073 280 3138 societate
312 3075 476 3138 carentem
504 3072 590 3136 ultro
619 3072 720 3136 claret
747 3072 800 3138 uel
827 3072 873 3136 ibi
901 3071 963 3135 fide
987 3070 1121 3156 dignum
1150 3091 1219 3134 esse

76 3197 182 3264 posse,
211 3180 269 3246 ubi
301 3179 510 3264 Neapolitani
542 3183 656 3264 utpote
691 3201 729 3244 ex
760 3181 863 3244 altera
895 3179 997 3243 classe
1031 3177 1220 3261 interpolati

77 3307 230 3352 consensu
249 3287 452 3353 destituatur.
480 3287 615 3352 maioris
634 3291 742 3352 autem
765 3287 922 3353 momenti
944 3286 1002 3350 illa
1019 3305 1102 3368 quae
1121 3284 1220 3348 intor-

78 3393 150 3457 dum
176 3393 262 3459 inter
283 3405 313 3459 Ι)
336 3398 371 3458 et
391 3403 423 3458 V
451 3394 643 3459 obseruatur
666 3393 834 3459 discordia.
875 3396 910 3457 et
930 3391 984 3456 hio
1010 3391 1077 3454 fere
1099 3400 1129 3454 Ι)
1156 3391 1220 3473 ipsi

77 3511 107 3565 V
133 3501 208 3566 lieet
235 3501 410 3586 antiquiori
437 3505 604 3585 praestare
631 3501 827 3587 putauerim,
856 3521 928 3564 cum
955 3499 1021 3562 iam
1053 3498 1093 3561 ab
1123 3496 1219 3560 huius

78 3627 172 3672 manu
195 3608 301 3692 prima
324 3607 482 3692 quaedam
506 3609 654 3674 consulto
677 3607 837 3672 inmutata
860 3627 930 3670 esse
953 3604 1132 3668 uideantur.
1148 3667 1149 3670 ,
1165 3623 1219 3666 ue-

79 3711 136 3778 luti
159 3715 186 3779 si
208 3715 224 3779 Ι
248 3716 278 3799 8,
301 3714 345 3779 45
368 3723 430 3779 AV
452 3733 601 3792 summm,
622 3723 652 3778 D
677 3713 826 3778 similiter
848 3729 974 3777 comatus
995 3706 1097 3773 tradIt
1121 3705 1220 3791 (unde

80 3821 129 3884 uel
150 3820 210 3886 boc
232 3821 286 3886 uel
309 3820 390 3886 illud
413 3821 449 3884 in
472 3819 647 3904 archetypo
671 3819 772 3884 fuisse
796 3813 955 3902 colligas),
977 3820 1071 3881 certos
1094 3835 1133 3879 ex
1156 3837 1220 3900 quo

81 3926 165 3991 tonte
188 3931 221 3992 et
238 3935 265 3992 V
283 3932 364 3994 Μ
385 3929 420 3991 in
443 3927 590 4011 margine
609 3929 642 3990 et
661 3935 694 3991 N
715 3926 750 3989 in
768 3928 860 3989 textu
882 3923 1004 3988 haheat
1025 3944 1085 3987 nos
1109 3923 1222 3987 edocet

81 4041 111 4095 V
134 4034 212 4099 illud
240 4035 347 4118 ipsum
376 4033 445 4098 sine
472 4053 587 4097 rasura
613 4033 785 4116 praebens,
811 4032 951 4097 fortasse
973 4029 1015 4093 ad
1041 4026 1154 4112 1129,
1180 4028 1220 4092 19

83 4143 263 4206 correctum.
292 4161 497 4226 quamquam,
520 4139 600 4204 alios
623 4140 712 4205 locos
737 4139 765 4204 si
787 4137 987 4222 respicimus,
1007 4157 1067 4199 nec
1089 4134 1149 4199 hoc
1172 4135 1220 4198 in-

83 4245 241 4328 probabile
264 4246 316 4330 fit,
345 4246 413 4310 iam
442 4245 477 4309 in
506 4245 664 4309 librorum
689 4254 754 4310 DV
780 4245 870 4310 fonte
894 4243 1050 4328 quasdam
1073 4241 1108 4304 iu
1137 4263 1222 4306 mar·

84 4350 152 4434 gine
183 4351 363 4436 adscriptas
396 4371 466 4416 esse
499 4351 567 4415 siue
599 4350 707 4416 uarias
739 4350 893 4416 lectiones
926 4348 994 4414 siue
1023 4353 1222 4416 correcturas

85 4478 195 4543 easque
218 4481 238 4523 a
260 4468 292 4523 V
314 4458 348 4522 in
370 4459 495 4522 tentum
519 4449 676 4542 receptas.
709 4461 782 4522 utut
803 4456 865 4521 hoc
889 4477 923 4520 se
946 4456 1055 4536 habet,
1078 4457 1223 4522 ubicum-
