3046 5032
505 298 703 353 PROPERTH
721 297 788 354 LlB.
808 297 854 352 lll.
878 303 917 352 15.
1190 295 1254 361 135

636 623 711 698 XV.

192 800 246 866 Sic
270 823 330 888 ego
353 824 420 868 non
443 802 527 866 ullos
549 801 618 866 iam
641 801 749 865 norim
771 799 806 863 in
828 820 937 864 amore
960 797 1132 879 tumultus,

235 907 305 973 Nec
327 909 440 973 ueniat
464 909 533 973 sine
557 911 589 972 te
613 929 676 972 nox
699 905 867 992 uigilantia
889 905 984 970 mihi:

195 1014 243 1080 Ut
266 1015 346 1079 mihi
369 1016 529 1099 praetexti
552 1013 655 1099 pudor
679 1018 730 1077 est
753 1011 901 1077 sublatus
925 1011 1062 1076 amictus

233 1119 280 1185 Et
303 1121 380 1186 data
402 1121 537 1186 libertas
560 1141 692 1187 noscere
717 1117 838 1184 amoris
862 1117 936 1202 iter,

168 1225 256 1291 ellle
278 1226 374 1292 rudes
400 1227 525 1292 animos
549 1248 606 1311 per
627 1229 740 1291 noctes
764 1225 895 1290 conscia
916 1223 1037 1308 primas

233 1333 345 1398 Inbuit
368 1334 431 1399 heu
455 1334 555 1400 nullis
579 1335 676 1418 capta
698 1332 846 1416 Lycinna
873 1331 968 1396 datis.

191 1439 320 1506 Tertius
344 1442 431 1507 haud
454 1443 556 1507 multo
581 1442 688 1506 minus
713 1445 763 1505 est
786 1462 859 1504 cum
883 1439 1000 1503 dicitur
1024 1459 1138 1503 annus:

235 1547 299 1612 Vix
323 1549 455 1613 memini
478 1549 573 1613 nobis
597 1549 699 1613 uerba
721 1549 825 1612 coisse
848 1545 964 1610 decem.

194 1651 320 1720 Cuncta
342 1659 417 1721 tuus
442 1656 593 1739 sepeliuit
616 1677 720 1738 amor,
743 1675 802 1718 nee
825 1652 946 1717 femina
968 1655 1044 1736 post
1065 1654 1099 1718 te

146 1776 179 1825 10
235 1761 312 1827 Ulla
336 1762 424 1827 dedit
447 1763 530 1828 collo
556 1762 661 1826 dulcia
684 1761 790 1824 uincla
813 1781 893 1824 meo.

143 1882 178 1932 44
188 1867 313 1933 Fabula
336 1870 428 1933 nulla
450 1872 524 1933 tuas
549 1869 587 1932 de
610 1867 705 1932 nobis
729 1867 855 1931 conciet
878 1887 985 1929 aures:

142 1989 178 2038 46
233 1974 278 2038 'Pe
302 1976 405 2040 solam
429 1978 461 2040 et
484 1975 583 2060 lignis
607 1974 730 2038 funeris
755 1976 846 2037 ustus
871 1994 985 2036 amem.

144 2095 179 2144 43
190 2081 236 2144 At
258 2085 294 2147 tu
317 2105 385 2146 non
409 2083 558 2146 meritam
582 2103 695 2165 parcas
720 2101 836 2144 nexare
860 2078 1052 2164 Lycinnam:

143 2202 178 2250 44
232 2188 346 2254 Nescit
369 2194 479 2254 uestra
501 2211 598 2253 ruens
622 2189 671 2253 ira
694 2187 813 2251 referre
836 2185 959 2269 pedem.

143 2310 175 2357 11
188 2294 294 2360 'Pestis
318 2297 380 2361 erit
403 2296 498 2361 Dirce
521 2300 589 2360 tam
613 2317 690 2361 uero
715 2294 846 2359 crimine
871 2314 982 2376 saeua,

211 2401 374 2487 -Nycteos
398 2403 564 2488 Antiopen
587 2402 773 2467 accubuisse
796 2399 891 2483 Lyco.

185 2506 216 2570 A
239 2510 388 2592 quotiens
411 2511 540 2595 pulcros
564 2509 666 2574 uulsit
688 2508 801 2594 regina
824 2506 975 2590 capillos,

233 2615 411 2701 Molliaque
433 2618 563 2684 inmites
587 2617 658 2680 fixit
680 2616 716 2680 in
740 2637 797 2680 ora
821 2615 949 2679 manus!

168 2915 235 2970 Via.
256 2937 329 2970 4444.
367 2917 426 2970 XV.
469 2917 554 2972 Noua
572 2917 657 2986 eleyia
676 2915 712 2971 ad
731 2915 872 2984 cynthiam
892 2915 926 2968 de
945 2912 1059 2984 lycinna
1078 2914 1196 2984 (licimia
1214 2920 1245 2985 1²)

89 3004 125 3057 in
146 3006 165 3069 0
186 3006 196 3072 l
219 3010 233 3057 1
253 3005 307 3059 Hic
325 3011 349 3058 11
364 2993 524 3060 'rubricator
540 3006 544 3074 Ι
559 3005 632 3059 41144
651 3007 681 3074 (4
699 3005 815 3072 fortasse
833 3004 922 3072 erasa)
941 3007 977 3072 V,
996 3008 1033 3058 V:
1052 3004 1144 3060 nullos
1161 3013 1183 3058 11
1198 3011 1219 3058 r
1237 3006 1246 3078 ll

90 3098 109 3146 3
135 3093 275 3160 praetexti
294 3099 330 3148 14:
353 3096 501 3162 praetexta
519 3099 538 3146 0
556 3095 717 3162 praetextae
737 3110 753 3152 ς
783 3095 787 3160 Ι
817 3092 944 3147 sublatus
964 3109 995 3162 ς,
1014 3109 1073 3163 eye:
1097 3095 1206 3149 uelatus
1225 3100 1245 3146 0

90 3181 187 3236 elatus
206 3181 329 3252 Goyetme
352 3183 465 3237 ablatus
484 3183 619 3238 Heinsius
647 3182 807 3238 exsinuatus
832 3180 982 3236 Santonico
1004 3182 1146 3237 releuatus
1169 3183 1245 3237 Fom-

89 3270 197 3325 teimiae
221 3273 225 3339 Ι
253 3271 372 3326 amictus
390 3280 412 3324 1>
427 3275 462 3325 V:
483 3271 588 3325 amicus
607 3276 666 3323 HV
685 3273 718 3340 (V
736 3287 787 3339 my.
807 3287 841 3324 m.
861 3272 892 3338 2)
910 3269 1016 3324 amictu
1036 3286 1052 3328 ς
1074 3273 1084 3342 ll
1105 3277 1122 3325 4
1140 3271 1206 3326 dare
1224 3277 1245 3324 r

89 3377 128 3413 m.
149 3363 218 3428 1115
238 3360 331 3415 coecis
349 3365 385 3428 143
405 3359 519 3429 cognita
537 3359 708 3413 Schraderms
725 3359 735 3426 ΙΙ
759 3364 774 3411 6
794 3356 889 3411 inbuit
907 3361 943 3409 a:
963 3357 1067 3412 Imbuit
1085 3363 1104 3411 0
1121 3361 1125 3424 Ι
1141 3358 1245 3413 1141444

89 3454 112 3501 1
128 3453 166 3515 1V;
186 3449 299 3518 lyeinna
316 3453 339 3500 V
357 3451 399 3503 ita
416 3453 448 3502 ut
467 3466 482 3502 e
501 3465 534 3503 44
553 3465 622 3503 corr.
642 3449 678 3502 eit
698 3449 708 3516 ΙΙ
730 3453 744 3500 7
764 3447 839 3500 haud
859 3451 891 3501 0:
911 3448 960 3500 aut
977 3450 1001 3497 a
1019 3447 1089 3501 haut
1106 3451 1129 3499 V
1147 3463 1182 3502 m.
1202 3448 1242 3521 2l

90 3536 194 3591 ducinr
210 3542 244 3603 V,
264 3554 331 3592 corr.
351 3555 402 3607 my.
422 3555 455 3591 m.
476 3538 549 3606 2119
570 3535 714 3606 sepelliuit
731 3539 775 3606 Fl
784 3541 848 3606 post
867 3542 901 3589 10
925 3535 1044 3603 Valyr'ae
1061 3541 1087 3589 et
1103 3536 1244 3591 Bormam

89 3640 149 3680 mus
166 3630 201 3678 43
219 3629 245 3679 ct
264 3631 298 3678 44
312 3630 478 3695 yoemrrrmm
498 3627 543 3679 scd
562 3641 620 3679 mmo
639 3641 700 3679 cmm
718 3626 761 3679 hie
780 3642 827 3680 mm.
847 3630 881 3678 45
895 3629 920 3678 et
934 3629 968 3677 46
983 3625 1156 3692 praepositos
1174 3627 1244 3679 troi-

90 3713 203 3768 cierrdos
221 3730 275 3768 esse
294 3714 369 3768 Gom
389 3713 538 3767 Flectermo
557 3715 672 3782 eynoeit
692 3715 701 3783 ll
719 3719 753 3768 45
773 3712 883 3767 conciet
901 3720 922 3764 1>
937 3716 972 3766 V:
992 3713 1115 3768 concitet
1132 3719 1152 3766 F
1167 3719 1191 3766 n
1210 3716 1245 3785 (et

89 3806 115 3853 V
135 3818 169 3854 m.
190 3805 220 3869 2)
234 3803 244 3870 ΙΙ
258 3807 291 3856 46
310 3801 415 3872 linguis
435 3803 491 3871 (alt.
511 3820 530 3856 n
549 3819 582 3856 cx
600 3805 681 3872 corr.)
700 3805 792 3872 111143
812 3803 942 3872 lyennam
957 3808 978 3854 r
993 3805 1072 3871 (corr.
1087 3820 1138 3874 my.
1153 3821 1188 3860 m.
1203 3807 1243 3873 2),

90 3909 145 3946 om.
165 3894 189 3943 11
207 3907 291 3960 rnory.
311 3891 430 3945 abscisso
450 3894 491 3958 (41
510 3896 535 3946 et
553 3897 587 3944 44
607 3891 684 3959 dem,
703 3897 737 3946 45
757 3893 862 3960 44444);
887 3891 953 3945 libri
971 3896 991 3943 F
1009 3893 1150 3961 scripturo
1167 3894 1244 3961 ferret

91 3979 245 4036 Fomtcirrio
262 3981 307 4034 lm‘c
325 3985 349 4034 et
367 3997 393 4035 4,
415 3985 430 4032 6
450 3978 579 4048 Lycaona
597 3982 738 4050 reponenti
751 3982 761 4049 ΙΙ
775 3987 810 4034 44
827 3980 868 4034 ire
887 3985 911 4032 n
927 3982 931 4048 Ι
946 3980 1036 4035 refero
1053 3988 1075 4033 11
1091 3982 1137 4050 Vll
1155 3983 1189 4036 ab
1210 3988 1242 4035 11

87 4087 170 4126 mooe
188 4071 220 4123 ia
238 4074 257 4121 0
277 4069 361 4138 eleyia
380 4085 441 4122 cmm
460 4070 539 4123 titulo
558 4069 655 4123 fabula
674 4069 848 4138 anthiop(a)e
875 4070 885 4138 ΙΙ
914 4075 945 4121 11
977 4072 1037 4124 erat
1055 4069 1203 4125 Liuineius
1237 4071 1241 4139 Ι

93 4159 166 4213 dure
184 4162 205 4209 F
224 4173 258 4210 m.
278 4162 293 4210 1
314 4158 350 4225 (41
368 4160 391 4208 V
408 4173 460 4226 my,
475 4175 509 4212 m.
525 4160 556 4226 2)
573 4159 577 4226 Ι
593 4160 783 4231 reynerum
803 4157 918 4212 Nicteos
932 4165 954 4209 1>
968 4162 992 4208 IV
1010 4158 1119 4212 Nictios
1133 4160 1159 4226 (e
1173 4164 1242 4213 m.2

90 4247 244 4315 suprascr.)
263 4246 442 4314 Vlantepen
460 4251 480 4298 F
499 4263 532 4300 m.
552 4252 568 4300 1
588 4247 750 4317 anthiopem
768 4254 789 4298 1>
818 4253 822 4315 Ι
844 4246 908 4302 1444
926 4253 946 4298 1
965 4263 999 4300 m.
1019 4253 1034 4301 1
1058 4249 1067 4316 l
1092 4253 1123 4300 13
1144 4252 1178 4316 (et
1198 4249 1241 4316 15)

89 4335 138 4390 Ha
155 4339 176 4386 r
194 4333 239 4387 Ah
258 4333 338 4390 ceteri
361 4334 367 4404 Ι
388 4333 500 4403 pulcros
519 4339 551 4388 F:
571 4335 702 4404 pulchros
721 4337 801 4390 ceteri
824 4338 829 4404 Ι
855 4335 942 4389 441411
959 4335 1028 4391 noo.
1050 4336 1153 4390 Titios:
1175 4336 1244 4391 assit

91 4431 110 4478 0
126 4424 137 4493 ΙΙ
157 4429 189 4477 14
208 4422 348 4477 imitesV
362 4421 528 4477 immiteslt:
552 4423 696 4480 inmittens
711 4429 735 4476 a
748 4424 902 4479 immittens
917 4431 937 4477 F
