3004 5068
418 354 616 410 PROPERTII
634 354 702 414 LIB.
722 355 743 410 I.
764 361 805 409 11.
826 361 866 410 12.

202 517 264 583 Sed
288 518 373 604 qued
395 518 430 582 in
452 519 514 584 hac
538 519 643 584 omnis
666 521 758 602 parte
782 521 910 582 ucrelur
933 539 1049 582 amer„

155 625 310 710 Ignoscas
333 625 449 710 igitur,
472 626 500 690 si
523 626 599 710 quid
622 625 683 690 eibi
706 625 800 689 triste
823 624 926 689 libelli

106 749 146 795 20
201 731 383 796 Attulerint
404 733 523 798 nostri:
548 733 643 816 culpa
664 734 790 799 limeris
815 737 885 800 erit.

156 837 242 902 Nam
267 840 347 905 mihi
368 862 436 904 non
458 840 562 905 maior
585 863 676 906 carae
700 841 847 907 custodia
870 841 983 906 matris

201 946 269 1010 Aut
293 947 361 1011 eine
385 950 418 1011 te
442 947 529 1011 uitae
553 970 630 1012 cura
654 948 698 1012 sit
719 947 787 1012 ulla
809 969 912 1012 meae:

35 1097 41 1106 ·
157 1054 206 1119 Tu
229 1054 309 1118 mihi
332 1053 403 1118 sola
427 1053 556 1138 demus,
578 1057 628 1138 tu,
652 1052 807 1138 Cynthia,
832 1055 902 1119 sela
924 1056 1089 1137 parentes,

202 1159 299 1224 Omni
321 1162 357 1223 tu
380 1163 511 1225 nostrae
534 1163 680 1243 tempore
704 1159 855 1224 laetitiae.

108 1265 223 1332 neSeu
245 1267 351 1332 trislis
375 1266 505 1331 ueniam
528 1287 585 1330 seu
609 1268 723 1331 eontra
746 1268 851 1332 elatus
875 1265 1001 1348 amicis,
1083 1321 1086 1333 .

203 1373 362 1458 Quidquid
386 1395 455 1458 ero,
478 1373 582 1438 dicam
606 1371 764 1458 ‘Cynthia
786 1395 884 1438 causa
906 1370 988 1436 fuit?

158 1482 207 1546 Tu
230 1482 326 1547 mede
351 1505 449 1566 quam
472 1483 613 1566 primum
636 1485 804 1567 corruptas
829 1480 938 1544 desere
960 1478 1069 1545 Baias.

200 1589 313 1653 Multis
337 1573 402 1654 isla
425 1589 549 1654 dabant
571 1589 669 1653 litera
693 1569 879 1671 discidium,

157 1697 284 1780 Litora,
307 1717 388 1780 quae
411 1695 541 1760 fuerant
564 1695 662 1760 castis
687 1695 819 1760 inimica
842 1696 965 1778 puellis.

107 1822 147 1870 30
201 1803 246 1886 A,
268 1807 404 1886 pereant
426 1801 527 1867 Baiae
552 1803 673 1868 crimen
697 1804 817 1868 ameris
842 1805 957 1887 aquae!
1068 1891 1073 1902 ‘

536 2055 749 2062 ———‚

603 2269 681 2341 XII.

157 2434 240 2511 Quid
264 2434 345 2498 mihi
368 2434 510 2499 desidiae
533 2457 600 2500 nen
624 2457 730 2501 cessas
754 2437 876 2523 fingere
900 2437 1034 2520 crimen,

202 2541 295 2619 Quod
317 2541 417 2606 faciat
439 2542 533 2621 nobis
558 2540 702 2626 Cynthia
725 2565 835 2607 amere
859 2544 1006 2608 meram?

154 2649 237 2724 Tam
260 2649 364 2716 multa
386 2647 445 2712 illa
467 2670 538 2714 mee
563 2649 667 2714 diuisa
690 2642 740 2714 esi
763 2650 854 2714 milia
877 2651 975 2734 leclo,

202 2754 366 2831 Quanium
389 2754 537 2840 Hypanis
561 2754 688 2821 Veneto
712 2756 848 2822 dissidet
869 2755 1027 2836 Eridane,

128 2861 225 2927 5Nec
248 2861 330 2926 mihi
353 2865 524 2927 consuetos
548 2863 698 2945 amplexu
721 2865 825 2928 nulrit
848 2887 974 2928 amores

202 2968 356 3053 Cynthia,
378 2991 437 3035 nec
459 2973 572 3034 nestra
595 2969 697 3034 dulcis
721 2971 756 3034 in
780 2993 856 3036 anre
880 2975 985 3036 senat.

157 3076 244 3142 Olim
267 3079 380 3160 gratim
405 3098 507 3141 eram:
531 3099 597 3142 nen
619 3077 675 3141 ille
700 3081 845 3162 tempore
870 3079 1020 3162 cuiquam

137 3361 207 3415 Vsa.
227 3377 301 3413 aser.
340 3364 373 3412 18
388 3359 717 3414 uereturLaclemeacas:
731 3360 848 3414 timetur
858 3363 876 3411 0
886 3358 895 3431 Η
905 3365 939 3413 20
953 3357 1116 3414 Attulerinl.
1126 3361 1216 3415 nostri

58 3458 81 3504 F
97 3455 138 3517 n,
157 3448 326 3502 Attuleriut:
344 3448 473 3503 nostrin
492 3449 706 3518 interprimunt,
725 3465 781 3503 cen
800 3449 880 3503 celeri
906 3449 916 3517 l
942 3455 974 3503 21
999 3449 1073 3502 Nem
1092 3449 1215 3503 Keilias:

58 3543 109 3594 An
130 3543 149 3590 0
168 3538 208 3592 At
225 3537 407 3592 Ramnenses
425 3538 470 3592 Ah
488 3538 685 3593 Lechmenaas
707 3540 717 3606 ΙΙ
741 3544 775 3594 22
794 3539 862 3606 Aue]
882 3539 926 3592 An
942 3543 1001 3592 nv
1019 3538 1061 3607 (in
1078 3539 1128 3592 hoc
1146 3554 1214 3593 cerr.

58 3647 96 3684 m.
119 3629 153 3695 2)
180 3629 190 3697 ΙΙ
217 3633 252 3680 24
281 3625 363 3680 Omni
378 3657 411 3666 -
426 3627 553 3697 tempere
576 3627 756 3696 Fonteium,
784 3643 843 3696 eqo:
873 3626 975 3681 Omnia
988 3657 1022 3666 -
1035 3628 1164 3696 tempora
1188 3632 1216 3697 ⁰,

59 3717 140 3788 quod
154 3717 250 3785 poscit
269 3716 402 3770 librerias
416 3717 555 3784 pluralem
572 3703 685 3771 nostrae
704 3715 830 3772 lactitiae
848 3732 905 3770 cea
923 3731 1070 3784 aquescens
1095 3718 1099 3784 Ι
1122 3715 1216 3771 leticie

60 3814 100 3874 Δ;
123 3804 241 3860 deliciae
260 3804 427 3860 Fonteiaias
445 3807 453 3874 ΙΙ
473 3811 507 3860 25
528 3806 588 3877 seu]
608 3823 637 3860 ee
656 3813 678 3858 1)
694 3808 699 3874 l
715 3806 806 3860 elsim
824 3807 936 3874 scripsi:
955 3805 1045 3860 laetus
1065 3810 1084 3858 0
1104 3822 1117 3859 c
1134 3822 1217 3864 uersa

56 3921 159 3993 priore
172 3923 181 3990 ΙΙ
195 3926 229 3974 26
249 3919 392 3989 Quidquid
405 3928 427 3973 1)
441 3926 477 3975 V:
493 3896 585 3988 Qduid
598 3926 622 3973 Δ
636 3921 773 3991 Quicquid
787 3926 808 3973 F
822 3926 846 3972 le
862 3927 865 3989 Ι
882 3922 941 3993 ere]
958 3939 1010 3992 ego
1025 3923 1074 3976 aut
1088 3925 1111 3972 V
1125 3938 1158 3975 m.
1174 3928 1193 3976 2
1208 3921 1215 3990 ll

62 4018 99 4067 28
124 4010 229 4064 dabani
247 4023 275 4067 ςε
295 4010 402 4064 dabunt
421 4014 439 4062 0
461 4012 465 4078 Ι
489 4009 635 4064 dissidium
653 4015 712 4063 DV
730 4011 739 4078 l
757 4017 791 4066 29
810 4011 923 4065 luerunt
940 4010 1065 4080 Sealiqer
1087 4013 1096 4080 ΙΙ
1119 4016 1153 4064 30
1172 4011 1216 4064 Ha

62 4108 86 4154 Δ
97 4105 121 4152 r
139 4099 183 4153 Ah
202 4100 283 4154 ceteri
298 4100 302 4166 Ι
319 4097 425 4153 crimen
443 4115 476 4152 ea
494 4098 611 4154 crimina
630 4115 698 4154 corr.
718 4104 738 4150 F

140 4205 199 4260 XII.
248 4205 436 4260 deminuatur
451 4206 626 4274 praecedenti
644 4206 743 4275 eleqiae
761 4207 830 4260 ico
862 4207 871 4276 ΙΙ
902 4204 1013 4271 aeuid
1030 4212 1052 4258 0
1067 4209 1090 4256 V
1109 4205 1150 4272 (in
1168 4205 1217 4260 hec

64 4312 139 4353 corr.
157 4313 190 4351 m.
210 4301 241 4365 2)
258 4297 262 4364 Ι
278 4293 359 4350 nobis
379 4294 491 4349 conseia
504 4294 593 4349 Roma
612 4312 720 4350 meram
735 4299 768 4366 ⁰,
787 4312 855 4352 corr.
872 4296 1001 4349 Muretus
1015 4300 1040 4348 et
1052 4293 1216 4363 Pretorium

64 4383 189 4456 Cynthia
206 4385 303 4438 nestra
322 4382 461 4438 &sasaim
474 4384 513 4451 113
533 4383 611 4438 deisa
629 4390 664 4453 r,
683 4400 751 4439 cerr.
771 4401 822 4453 inq.
843 4401 876 4439 m.
896 4389 916 4439 2
935 4384 979 4452 114
999 4382 1109 4449 Quanta
1127 4383 1215 4438 Hein-

63 4478 129 4532 sius
145 4474 149 4542 l
163 4473 260 4543 ypanis
279 4479 300 4524 r
321 4475 324 4541 Ι
345 4475 430 4528 uento
449 4476 508 4524 BV
527 4473 568 4541 (ia
586 4473 635 4527 hec
653 4489 721 4527 corr.
741 4490 775 4527 m.
794 4475 825 4542 2)
847 4475 856 4542 l
879 4477 895 4526 6
920 4489 1003 4527 senus
1022 4471 1217 4528 Lachmaanas

966 4559 1003 4616 2*
