3046 5032
294 315 357 381 126
638 315 834 371 Paopnurrr
852 315 920 372 LIB.
939 315 987 370 111.
1008 319 1048 370 11.

425 476 475 542 Nc
498 481 633 562 possent
655 481 743 544 tacto
768 479 926 563 stringere
950 477 991 542 ab
1017 497 1076 540 axe
1098 475 1196 559 latus,

339 600 374 649 25
385 583 487 648 Duxit
509 587 543 648 et
565 583 766 668 Euphratem
790 584 945 666 medinm,
968 605 1065 667 qnam
1088 581 1244 663 condidit,
1267 579 1366 661 arcis,

424 690 524 756 lussit
548 694 581 755 et
604 691 741 774 imperio
764 691 899 756 subdere
923 691 1044 754 Bactra
1067 690 1172 771 caput.

381 796 468 862 Nam
492 798 569 883 quid
592 819 653 883 ego
677 797 804 881 heroas,
827 797 903 881 quid
926 800 1051 880 raptem
1074 796 1109 860 in
1132 794 1269 859 crimina
1290 791 1406 856 diuos?

425 903 571 989 Iuppiter
594 904 853 986 infamataeque
877 924 1031 986 suamque
1054 901 1196 966 domum.

382 1009 478 1094 Quid,
503 1013 598 1076 modo
622 1032 704 1096 qnae
727 1009 847 1074 nostris
871 1009 1048 1092 obprobria
1071 1010 1204 1072 uexerat
1226 1006 1324 1071 armis

338 1133 373 1181 30
427 1116 472 1181 Et
493 1116 633 1182 famulos
657 1117 743 1180 inter
764 1115 887 1181 femina
910 1115 990 1180 trita
1014 1115 1112 1180 suos?
1176 1198 1179 1200 -

383 1221 533 1307 Coniugii
558 1223 689 1288 obsceni
711 1222 853 1306 pretium
876 1221 1024 1286 Romana
1047 1221 1198 1304 poposcit

426 1328 557 1394 Moenia
580 1333 613 1394 et
636 1329 781 1394 addictos
804 1328 838 1392 in
863 1351 922 1393 sna
943 1349 1045 1414 regna
1067 1331 1187 1411 patres.

382 1436 488 1502 Noxia
511 1436 721 1513 Alexandria,
745 1434 828 1500 dolis
852 1435 1023 1517 aptissima
1045 1433 1157 1516 telluS,

428 1542 473 1609 Et
495 1545 615 1610 totiens
637 1546 750 1608 nostro
775 1541 920 1625 Memphi
944 1544 1077 1606 cruenta
1100 1540 1201 1604 malo!

340 1651 473 1716 35Haee
496 1652 572 1734 tibi,
594 1649 742 1734 Pompei,
766 1648 906 1713 detraxit
927 1647 1051 1712 harena
1074 1647 1257 1731 triumphos

339 1774 374 1822 40
429 1755 516 1841 (Una
538 1755 710 1838 Philippeo
735 1755 892 1840 sanguine
915 1754 1030 1818 adusta
1052 1755 1160 1840 nota):

339 1863 490 1929 arIssent
511 1861 691 1946 Phlegraeo
717 1861 832 1926 melius
855 1862 915 1926 tibi
938 1861 1052 1926 funera
1075 1883 1204 1946 campo,

341 1986 374 2034 38
429 1969 491 2034 Vel
513 1973 571 2033 tua
595 1969 624 2034 si
647 1990 755 2033 socero
780 1969 863 2033 colla
886 1969 1019 2032 daturus
1042 1990 1124 2032 eras.

339 2093 372 2141 39
385 2075 513 2142 Scilicet
535 2075 650 2141 incesti
672 2076 825 2140 meretrix
847 2075 960 2160 regina
983 2073 1108 2158 Oanopi

339 2200 373 2248 36
429 2180 551 2268 (Tollet
573 2183 664 2248 nulla
687 2183 755 2248 dies
778 2183 863 2246 hanc
885 2183 959 2265 tibi,
983 2181 1099 2266 Roma,
1123 2181 1263 2269 notaml)

339 2306 372 2353 41
384 2291 474 2354 Ausa
496 2289 567 2354 Ioui
589 2294 703 2354 nostro
726 2289 900 2353 latrantem
923 2310 1086 2372 opponere
1109 2288 1267 2366 Anubim,

430 2395 475 2461 Et
497 2396 640 2460 Tiberim
664 2394 730 2459 Nili
754 2417 867 2480 cogere
890 2395 974 2459 ferre
996 2397 1117 2479 minas,

383 2503 626 2588 Romanamque
650 2502 763 2567 tubam
787 2502 960 2586 crepitanti
983 2503 1104 2586 pellere
1128 2503 1238 2587 sistro,

429 2609 565 2674 Baridos
590 2613 622 2673 et
645 2601 750 2674 contis
773 2612 880 2676 rostra
902 2607 1048 2674 Liburna
1071 2611 1176 2693 sequi,

339 2731 373 2780 45
383 2715 555 2800 Foedaque
579 2713 718 2799 Tarpeio
742 2715 880 2799 conopia
902 2715 1031 2779 tendere
1056 2738 1150 2800 sane,

428 2822 503 2887 Iura
526 2824 601 2888 dare
625 2827 658 2887 et
683 2824 807 2887 statuas
831 2822 915 2886 inter
938 2827 971 2887 et
995 2845 1086 2887 arma
1108 2822 1206 2887 Mari!

369 3087 437 3142 Vsa.
457 3095 546 3144 nucu.¹
569 3093 603 3142 24
622 3087 681 3142 Nec
699 3093 719 3140 F
734 3092 758 3139 n
780 3089 790 3157 1
817 3092 850 3142 20
870 3087 954 3142 Ducit
971 3093 991 3143 F
1008 3090 1013 3157 1
1029 3089 1164 3158 euphrate
1182 3093 1220 3143 ll:
1240 3087 1376 3143 eufratem
1395 3083 1432 3154 01

296 3193 379 3245 quam
399 3181 432 3231 0:
451 3195 507 3246 qua
524 3182 545 3229 F
564 3194 598 3232 m.
618 3182 637 3232 2
656 3193 721 3246 inp,
740 3182 763 3228 V
782 3193 864 3246 corn,
883 3182 907 3229 14
932 3179 936 3246 1
961 3177 1033 3232 arcis
1050 3179 1161 3247 aurbei:
1181 3194 1258 3232 arces
1278 3183 1298 3229 0
1318 3179 1434 3246 (artesr

294 3281 328 3320 nt.
348 3265 375 3334 1)
394 3266 452 3319 arci
471 3265 605 3320 Heinsius
631 3266 641 3334 11
669 3270 702 3319 26
728 3264 817 3320 lubsit
834 3270 855 3317 1²
873 3271 942 3319 nul
973 3270 976 3334 1
1006 3266 1122 3320 subdere
1140 3266 1324 3320 Burmannus
1342 3268 1434 3321 senior:

295 3370 407 3424 surgere
424 3353 428 3428 1
444 3355 576 3408 battraF
601 3354 611 3422 l
638 3359 671 3410 27
692 3353 809 3408 crimina
826 3357 849 3404 V
868 3370 901 3406 m.
920 3358 953 3409 2:
974 3353 1088 3407 crimine
1108 3359 1126 3406 0
1149 3356 1159 3422 1
1182 3361 1215 3408 28
1234 3355 1342 3424 Iupiter
1359 3351 1435 3420 331

296 3448 330 3498 29
358 3445 452 3497 malim
470 3444 553 3499 modo
572 3443 633 3512 qui,
657 3444 695 3497 ad
712 3442 867 3496 Antonium
884 3447 916 3495 ut
933 3443 998 3496 haec
1019 3443 1175 3510 referantur
1191 3441 1194 3514 1
1211 3443 1327 3511 opprob.
1346 3447 1402 3496 nv
1431 3440 1434 3510 1
1489 3497 1490 3508 ,

296 3534 413 3586 nexerat
430 3548 460 3590 ςε
480 3533 625 3590 uexerito
657 3533 667 3599 11
698 3536 732 3584 30
760 3530 822 3584 Heu
840 3531 988 3585 Liuineius
1009 3531 1044 3586 Ut
1062 3530 1197 3586 Heinsius
1223 3533 1233 3599 1
1260 3537 1295 3584 33
1315 3528 1435 3600 Coniugii
1489 3511 1490 3530 ¹

297 3619 485 3675 Passeratius:
510 3619 641 3690 Coniugis
662 3624 680 3671 0
700 3618 818 3689 Coniugi
844 3620 873 3673 et
891 3620 1088 3675 Laclimannue
1112 3620 1116 3690 1
1143 3619 1295 3686 obsceni}
1312 3626 1401 3690 (uasa
1417 3621 1435 3686 ε1

295 3711 319 3758 n
333 3708 390 3775 1132
410 3709 519 3763 additos
537 3714 559 3761 r
577 3727 611 3764 na
631 3715 646 3764 1
669 3711 731 3778 1133
751 3707 933 3764 alexandrina
950 3714 973 3761 V
991 3727 1025 3766 m.
1045 3715 1064 3765 2
1087 3711 1097 3778 l
1120 3713 1153 3764 35
1173 3709 1232 3763 Hee
1251 3710 1306 3764 tibi
1323 3717 1357 3766 F:
1377 3711 1435 3765 Tres

295 3795 459 3850 nbinvll
478 3799 557 3865 (Tres
574 3804 595 3854 F
613 3815 647 3852 m.
667 3800 697 3862 2)
727 3797 731 3867 1
763 3797 881 3867 Pompei
898 3801 1010 3867 scripu:
1030 3797 1199 3868 pompeioo
1231 3801 1235 3868 1
1264 3816 1353 3855 arena
1370 3801 1435 3868 M
1489 3837 1490 3862 1

295 3901 330 3944 nn.
350 3889 370 3940 2
397 3886 407 3956 1
433 3903 480 3939 uu.
500 3887 552 3955 qui.
566 3892 631 3940 eunt
649 3888 680 3941 n'n
699 3891 717 3938 0
738 3892 771 3940 30
791 3892 816 3940 et
833 3892 868 3941 40
888 3889 975 3942 locum
993 3889 1065 3942 inter
1082 3904 1110 3942 sc
1127 3891 1233 3943 mutare
1255 3889 1341 3944 iussit
1357 3889 1435 3944 Laeli·

295 3991 427 4044 manuue,
452 3991 529 4044 pmcn
546 3980 653 4030 secutus
670 3992 730 4030 sum
749 3977 829 4030 aliter
851 3981 941 4031 tumen
963 3978 1159 4046 interpunqeus
1189 3977 1200 4046 1
1231 3983 1264 4032 07
1298 3977 1435 4050 flegrpov
1489 4037 1490 4056 ἢ

295 4063 400 4133 flegreo
418 4067 478 4118 010
496 4062 586 4133 flegeo
604 4069 625 4114 F
638 4064 648 4132 11
657 4069 722 4133 poet
741 4070 774 4118 38
790 4081 865 4118 noua
879 4066 910 4120 n'n
923 4070 945 4117 1‘
959 4065 1043 4134 elcpiu
1058 4081 1118 4118 cun
1132 4065 1213 4119 titulo
1228 4064 1262 4120 de
1277 4065 1418 4136 cleopatra
1430 4063 1436 4125 l

295 4158 330 4207 40
350 4151 480 4221 sanguini
497 4155 521 4204 V
539 4169 572 4206 m.
593 4158 612 4208 2
634 4154 645 4224 11
666 4158 700 4206 42
720 4153 841 4221 tyberim
859 4157 882 4206 V
899 4171 933 4208 nu.
952 4154 993 4221 111
1007 4158 1042 4206 44
1061 4153 1171 4208 Bandos
1190 4159 1211 4205 r
1229 4171 1265 4208 m.
1284 4160 1300 4208 1
1323 4158 1328 4226 1
1354 4154 1435 4210 contis

296 4246 317 4292 r
331 4245 355 4292 x
373 4244 406 4308 (v
424 4258 476 4310 nup.
496 4258 529 4296 nn.
544 4243 587 4310 2)=
607 4240 713 4296 cunctis
726 4247 748 4295 0
762 4245 786 4294 V
799 4242 809 4311 11
822 4247 856 4296 45
871 4241 1006 4316 canopeia
1022 4246 1040 4297 0
1060 4242 1179 4311 canopia
1193 4246 1215 4293 v
1228 4259 1263 4296 m.
1279 4247 1300 4298 2
1319 4258 1436 4313 conopeo

294 4327 451 4390 Beroaldus
473 4331 483 4398 11
505 4335 540 4386 46
558 4330 620 4384 Iure
638 4335 659 4384 r
679 4347 712 4386 m.
732 4335 748 4383 1
770 4333 775 4399 1
796 4330 862 4386 dare
882 4333 988 4386 statuas
1008 4336 1040 4399 0,
1060 4333 1089 4386 et
1107 4333 1170 4387 ann.
1191 4346 1207 4389 ς
1227 4330 1323 4400 linter
1342 4333 1383 4404 et]
1402 4332 1435 4388 ni·

295 4417 369 4470 teret
386 4422 407 4469 p
