3052 5044
364 1266 500 1374 SEX.
528 1275 889 1375 PROPERTH
916 1276 1327 1376 ELEGIARUM

690 1467 771 1535 LIB.
795 1467 992 1537 TERTIUS.

721 1828 854 1914 ιΙ.

359 1986 552 2052 Callimachi
577 2008 688 2051 manes
713 1989 746 2050 et
768 1984 828 2050 coi
852 2007 942 2050 sacra
965 1984 1124 2068 Philetas,

402 2093 441 2157 In
464 2096 624 2176 uestrum,
647 2115 781 2176 quaeso,
805 2114 855 2156 me
880 2091 975 2156 sinite
999 2091 1046 2154 ire
1068 2113 1191 2157 nemus.

359 2200 487 2264 Primus
510 2218 571 2282 ego
594 2197 760 2282 ingredior
782 2219 863 2281 puro
887 2197 927 2261 de
949 2196 1040 2262 fonte
1063 2198 1214 2263 sacerdos

402 2305 488 2369 Itale
510 2326 565 2384 per
589 2302 705 2368 Graios
729 2305 822 2389 orgis
843 2303 927 2368 ferre
951 2304 1080 2368 choros.

334 2410 479 2493 tDicite,
502 2433 565 2495 quo
589 2411 713 2495 pariter
735 2432 865 2476 carmen
887 2411 1045 2475 tenuastis
1068 2412 1103 2475 in
1126 2412 1242 2477 antro?

406 2516 518 2593 Quoue
541 2518 622 2601 pede
646 2517 807 2603 ingressi?
830 2539 968 2602 quamue
992 2518 1121 2584 bibistis
1146 2518 1285 2602 aquam?

363 2625 393 2688 A
417 2624 540 2708 ualeat,
563 2624 731 2690 Phoebum
756 2625 948 2710 quicumque
971 2628 1116 2690 moratur
1138 2625 1172 2688 in
1195 2625 1308 2690 armis!

405 2732 549 2796 Exactus
572 2732 661 2796 tenui
683 2731 810 2815 pumice
833 2753 946 2796 uersus
969 2734 1037 2815 est,

361 2838 431 2914 Quo
457 2860 507 2902 me
531 2837 632 2902 Fama
654 2838 742 2902 leuet
765 2842 851 2902 terra
876 2838 1036 2922 sublimiS,
1060 2841 1093 2901 et
1116 2861 1135 2902 a
1158 2861 1209 2902 me

318 2961 350 3009 10
404 2943 493 3009 Nata
515 2944 678 3009 coronatis
701 2943 797 3009 Musa
820 2942 1000 3027 triumphat
1022 2945 1127 3029 equis,

362 3050 406 3115 Et
429 3071 554 3114 mecum
577 3050 613 3114 in
637 3072 730 3115 curru
754 3051 848 3134 parui
871 3053 1040 3114 nectantur
1062 3051 1215 3136 Amores

408 3154 672 3241 Scriptorumque
696 3179 785 3222 meas
809 3157 906 3221 turbo
929 3161 1040 3222 secuta
1062 3161 1162 3224 rotas.

363 3263 447 3340 Quid
470 3263 591 3328 frustra
614 3263 721 3328 missis
745 3264 780 3326 in
804 3286 854 3327 me
878 3264 1008 3328 certetis
1031 3264 1189 3329 habenis?

405 3370 481 3435 Non
504 3369 599 3434 detur
616 3369 662 3433 nd
684 3369 797 3433 Musas
820 3391 948 3434 currere
970 3369 1037 3434 lata
1060 3370 1122 3434 uin.

344 3619 413 3674 Vir.
433 3637 507 3672 nucu
551 3615 635 3670 Liber
662 3613 798 3667 secundus
827 3613 942 3683 explicit
970 3614 1069 3683 incipit
1090 3615 1162 3669 liber
1187 3615 1287 3670 tertius
1311 3623 1332 3668 F
1355 3617 1425 3673 Pro·

275 3703 361 3774 pcrtii
380 3706 487 3760 Aurelii
505 3705 615 3759 Nactae
634 3702 706 3757 liber
724 3700 824 3756 tertius
843 3701 943 3771 incipit
960 3711 995 3768 υς
1014 3705 1073 3756 sine
1091 3704 1170 3758 titulo
1189 3708 1248 3756 NV
1269 3707 1279 3774 l
1304 3712 1317 3758 1
1337 3706 1383 3761 coi
1402 3711 1427 3758 V

273 3812 307 3849 rn.
328 3797 360 3862 2,
379 3797 416 3846 n:
436 3793 500 3847 choi
519 3797 538 3844 0
564 3797 568 3860 Ι
593 3808 672 3847 sucre
689 3796 855 3861 suspectum
873 3807 1054 3862 synonymum
1079 3793 1153 3847 nocis
1171 3809 1269 3848 munes
1296 3810 1358 3848 cnm
1380 3811 1425 3849 re-

274 3883 418 3953 quiram,
442 3882 546 3935 conicio
568 3880 628 3934 fata
648 3881 691 3947 (α
706 3881 818 3942 umbre:
843 3882 877 3948 cf.
899 3881 977 3934 Mela
995 3882 1021 3934 Π
1040 3883 1082 3950 2);
1100 3883 1185 3959 nario
1201 3897 1366 3950 proposuere
1385 3884 1426 3952 (et

277 3988 390 4028 consors
404 3969 504 4024 umbra
518 3966 591 4024 Phil.
606 3968 782 4037 Fonteinr'ns)
799 3969 802 4042 l
819 3970 926 4040 phileto
945 3975 980 4023 N:
1000 3969 1101 4039 philite
1120 3975 1139 4022 0
1153 3971 1192 4040 [13
1212 3972 1281 4038 puto
1298 3976 1368 4025 rm.
1383 3977 1399 4025 1
1415 3971 1425 4042 ll

274 4070 291 4118 4
310 4061 394 4118 Graia
412 4079 439 4130 p.
459 4056 573 4112 Italicos
598 4056 795 4112 Valckenarius
812 4061 816 4126 Ι
833 4059 925 4129 orgis]
944 4058 1049 4128 oppido
1067 4059 1234 4114 Fonteinins
1257 4058 1260 4130 l
1282 4076 1362 4114 coros
1380 4061 1425 4130 Ill

274 4157 290 4205 5
310 4167 364 4219 quo
384 4167 433 4206 orn.
453 4153 474 4200 r
492 4165 526 4203 rn.
545 4152 561 4202 1
579 4148 583 4215 1
599 4146 771 4202 tenuastis?
790 4165 824 4201 m.
839 4153 873 4215 2,
891 4153 928 4201 ll:
948 4147 1077 4203 tenuistis
1096 4148 1134 4218 ⁰l
1145 4150 1216 4202 inter
1234 4156 1250 4202 6
1269 4153 1294 4202 et
1313 4155 1328 4203 ‘1
1346 4149 1426 4205 hond

272 4256 366 4306 panca
381 4237 549 4293 intercidisse
562 4236 695 4290 nidentnr
704 4235 738 4306 [ζῖ
753 4235 798 4289 He
806 4240 836 4304 12,
850 4237 895 4291 Ah
904 4237 984 4291 ceteri
993 4235 1002 4308 ll
1012 4243 1037 4304 9,
1048 4242 1090 4302 10,
1102 4243 1134 4291 11
1149 4237 1225 4291 leuet
1234 4243 1258 4291 et
1268 4237 1426 4307 triumphet

275 4332 300 4381 et
318 4329 464 4381 nectentur
482 4325 644 4396 Heinsinsu
667 4331 683 4378 9
703 4324 841 4378 sublimen
861 4324 942 4380 Oonr.
961 4325 1141 4396 Rossherpins
1160 4326 1169 4398 ll
1188 4332 1221 4380 10
1240 4326 1316 4380 Note
1334 4327 1375 4396 ςΙΙ
1391 4333 1423 4380 11

276 4431 386 4470 currum
407 4418 430 4465 n
446 4415 451 4482 l
466 4417 613 4470 nectentur
630 4420 651 4466 r
669 4431 703 4468 m.
723 4415 813 4482 21113
832 4411 954 4467 inmissis
974 4413 1101 4468 Anrntns
