3052 5044
490 318 685 375 PROPERTII
703 321 770 376 LIB.
790 321 823 376 II.
843 327 868 376 9.

230 479 300 547 Neo
322 481 404 546 folio
425 481 562 547 hiberno
585 486 653 548 Iam
676 483 867 549 tremefacta
889 483 993 569 Noto,

115 602 163 652 35
180 585 292 664 Quam
315 587 385 653 rito·
403 587 543 655 feminea
564 611 632 654 non
654 593 786 655 constat
806 589 920 655 foedus
942 591 977 655 in
1000 590 1064 676 ira,

235 692 310 760 Siue
333 716 372 761 ea
394 717 492 781 ceusu
515 696 638 782 grauis,
662 697 731 762 siue
754 719 794 762 ea
814 719 915 763 eausa
936 698 1027 762 leuie

177 799 295 882 Nune,
318 804 471 888 quoniam
494 804 559 869 iste
581 805 642 869 tibi
665 804 789 888 placuit
810 805 985 883 sententie,
1008 805 1129 870 oedem.

230 908 323 994 Tele,
345 931 472 993 precor,
494 910 599 995 pueri,
622 910 761 994 promite
786 914 881 976 acute
903 911 1023 996 magis,

177 1012 290 1100 Figite
314 1019 488 1112 uertentes,
512 1019 608 1102 etque
630 1016 713 1082 hano
736 1015 817 1082 mihi
841 1017 959 1082 soluite
983 1016 1098 1082 uitam:

116 1136 164 1185 40
230 1119 370 1208 Sanguis
393 1123 456 1187 erit
478 1123 571 1189 uobis
595 1123 736 1188 maxime
758 1124 867 1208 palma
890 1147 990 1189 meus,

665 1271 682 1310 *

570 1361 586 1398 e
747 1361 764 1398 e

177 1458 295 1525 Sidera
319 1465 395 1526 suni
417 1466 516 1526 testes
540 1465 573 1526 ei
595 1462 756 1526 matutina
778 1463 896 1545 pruine

227 1565 273 1631 Et
294 1568 409 1634 furtim
432 1568 552 1635 misero
575 1569 674 1633 ianua
697 1573 808 1653 aperte
830 1567 926 1632 mihi:

178 1671 227 1736 Te
250 1673 332 1738 nihil
355 1675 390 1739 in
413 1676 483 1740 uita
506 1675 601 1740 nobis
625 1676 788 1760 acceptius
812 1696 979 1757 umquem:

225 1780 321 1846 Nune
344 1804 473 1868 quoque
497 1783 575 1866 erio,
598 1781 747 1868 quemuis
772 1782 816 1846 sis
839 1781 972 1847 inimice
994 1779 1084 1846 mihi

117 1903 162 1952 45
177 1885 250 1951 Neo
273 1888 405 1953 domine
427 1888 496 1954 ulle
518 1910 591 1954 meo
614 1892 716 1973 ponet
736 1887 877 1976 uestigia
899 1888 997 1953 lecto:

225 1991 319 2060 Solus
344 2017 413 2080 ero,
436 1996 591 2080 quoniam
614 2017 681 2062 non
702 1996 781 2061 lieet
802 1985 873 2061 eese
896 1999 998 2060 tuum.

176 2101 288 2184 Atque
310 2101 451 2183 utinam,
475 2101 502 2164 si
525 2101 610 2165 forte
632 2101 705 2184 pios
729 2101 895 2166 eduximus
919 2122 1036 2180 annos,

225 2205 285 2272 Ille
307 2207 358 2272 uir
381 2209 417 2272 in
439 2207 546 2273 medio
568 2207 627 2272 fiat
650 2229 760 2274 amore
782 2207 880 2292 lapis!

654 2355 672 2396 *

566 2444 585 2484 *
744 2443 762 2482 *

174 2543 254 2609 Non
278 2546 319 2611 ob
342 2567 443 2631 regne
466 2547 571 2631 magis
594 2545 673 2612 diris
696 2547 837 2611 cecidere
861 2547 921 2612 sub
945 2547 1045 2612 armis

118 2667 162 2717 50
223 2650 371 2718 Thebani
393 2654 587 2719 medionon
612 2653 681 2718 sine
704 2656 808 2717 matre
833 2653 939 2718 duces.

177 2756 296 2843 Quem,
319 2760 399 2825 mihi
422 2761 450 2826 si
473 2761 579 2826 media
601 2761 699 2825 liceat
721 2781 867 2846 pugnare
889 2760 1014 2844 puella,

222 2863 361 2931 Mortem
385 2887 446 2951 ego
469 2888 536 2932 non
558 2867 682 2952 fugiam
705 2869 809 2931 morte
833 2865 941 2931 subire
964 2869 1030 2930 tur„

152 3182 238 3238 Tusr.
286 3189 310 3251 9,
330 3189 372 3239 41.
411 3183 551 3238 Seruius
570 3184 607 3239 ad
626 3184 708 3254 Verg.
728 3183 891 3238 Buever
912 3183 967 3254 [ed.
987 3182 1148 3255 Lioan.
1170 3187 1233 3258 121]

66 3268 276 3340 ‘Propertium
296 3272 393 3327 Testes
412 3275 477 3328 suni
495 3272 587 3333 sidere
604 3272 707 3327 nobis'.

151 3465 226 3519 Vir.
245 3487 318 3521 uror.
356 3473 390 3522 34
409 3467 437 3521 in
456 3468 562 3537 yberno
577 3472 598 3519 r
611 3468 736 3536 hyberno
750 3473 803 3520 DV
820 3469 824 3536 Ι
840 3468 927 3521 notho
941 3471 996 3518 ru
1008 3469 1018 3536 ΙΙ
1032 3473 1066 3521 37
1086 3469 1231 3541 quonium]

66 3563 97 3628 q]
120 3563 163 3626 r,
194 3571 263 3610 corr.
282 3572 333 3626 my.
353 3562 424 3612 1112
452 3558 462 3625 ΙΙ
489 3563 523 3611 38
551 3557 661 3628 precor]
680 3555 793 3625 quidem
812 3561 832 3608 V
852 3557 932 3624 (corr.
952 3573 1003 3626 my.
1023 3575 1056 3610 m.
1076 3560 1120 3627 2),
1139 3563 1162 3610 V
1180 3577 1231 3629 my.

65 3667 107 3703 m.
129 3651 155 3703 2
177 3645 181 3711 Ι
196 3643 331 3716 promite]
350 3644 444 3714 pineto
459 3651 479 3698 V
498 3651 578 3714 m.1;
597 3645 728 3715 promitte
742 3651 766 3697 IV
779 3647 789 3715 fl
803 3651 908 3699 40-52
927 3647 1069 3700 comerent
1082 3647 1119 3716 ¹iu
1137 3652 1170 3714 ⁰3
1190 3665 1250 3702 eos·

65 3736 244 3804 neutiquam
272 3735 309 3789 ad
335 3736 434 3804 priora
458 3736 594 3804 pertinere
616 3736 723 3804 primus
741 3736 815 3790 uidit
839 3735 989 3789 Wakkerue
1020 3737 1029 3803 ΙΙ
1061 3742 1094 3789 41
1125 3735 1232 3806 Sydera

32 3821 37 3834 ⁸
65 3831 91 3880 V
119 3827 124 3894 Ι
162 3824 194 3876 et
215 3822 246 3893 ip
264 3826 330 3878 mei.
350 3829 373 3875 V
392 3826 533 3878 matutine
550 3831 572 3876 D
594 3825 604 3892 ΙΙ
627 3825 709 3878 43111
728 3823 799 3895 uita]
819 3823 907 3878 nimia
924 3829 945 3875 F
963 3830 1032 3878 m.1
1059 3828 1064 3892 Ι
1088 3825 1169 3881 nobie
1188 3829 1232 3881 est

66 3933 133 3972 aee.
159 3915 224 3983 (my.
243 3930 304 3969 oar.
324 3915 381 3968 ieet.
402 3913 503 3984 mugio)
522 3921 543 3966 D
563 3913 653 3982 magis
677 3915 720 3968 est
743 3915 804 3984 (my.
824 3919 897 3968 m.2
920 3912 1013 3982 nobie)
1032 3930 1089 3970 aco.
1109 3919 1132 3966 V
1159 3917 1169 3983 ΙΙ
1196 3921 1230 3968 44

67 4008 110 4063 sit
131 4010 157 4057 r
179 4002 353 4058 m.1oielV
378 4003 388 4072 fl
415 4003 447 4057 de
465 4021 512 4058 uu.
533 4009 651 4072 49-52,
674 4019 741 4074 quos
758 4004 815 4056 iam
832 4002 1015 4057 Burmannus
1028 4008 1093 4071 poet
1111 4003 1177 4057 VIII
1195 4008 1229 4056 28

64 4095 147 4166 porei
168 4091 272 4158 uoluit,
291 4091 325 4158 os.
344 4092 386 4145 ibi
403 4108 472 4160 quae
490 4091 685 4146 adnotavimus
698 4091 708 4157 ΙΙ
722 4095 756 4143 50
775 4089 882 4145 Tebani
901 4096 921 4142 1¹¹
939 4091 950 4158 ΙΙ
968 4096 1000 4144 51
1020 4107 1146 4160 pugnare
1164 4107 1230 4144 num

68 4199 181 4240 sanum
191 4187 205 4234 ?
