3004 5068
427 359 435 375 '
485 377 770 436 saonaeonuun.
1114 377 1203 434 xnn

64 543 237 608 carminum
271 565 404 609 suorum
436 543 564 608 laudem
596 541 816 629 honoremque
847 541 1079 627 sempiternum
1108 563 1206 628 augn-

64 654 146 716 ratus
175 655 267 716 uates
296 651 373 716 data
401 673 500 736 opera
528 673 584 716 eas
612 647 820 734 praemisisse
843 650 1006 735 uideatur,
1036 650 1083 716 sio
1106 651 1206 716 uerba

63 756 302 842 fflhfflw

190 881 351 950 Carminis
374 881 499 946 interea
520 881 626 946 nostri
648 881 817 946 redeamus
841 883 876 946 in
900 883 1028 950 orbem:

241 987 390 1056 Gaudeat
407 987 442 1052 in
466 987 564 1054 solito
587 991 676 1054 tacta
699 988 808 1072 puella
832 1011 912 1056 sono

65 1114 141 1199 eius,
166 1115 232 1180 nisi
260 1114 390 1199 egregie
413 1112 524 1198 failor,
552 1117 629 1178 sunt
651 1114 707 1198 qui
730 1135 853 1179 nouum
882 1113 1003 1179 librum
1025 1113 1114 1180 foras
1138 1115 1205 1182 dat.

68 1243 142 1305 quae
166 1243 238 1287 oum
262 1220 310 1286 ita
334 1243 368 1285 se
391 1219 543 1303 habeant,
566 1243 586 1284 a
604 1220 685 1285 uino
709 1223 889 1306 uegetoque
907 1219 1077 1304 Propertio
1101 1222 1203 1288 libros

66 1329 234 1394 secundum
266 1328 461 1412 tertiumque
490 1327 627 1394 emissos
655 1347 724 1392 esse
754 1327 849 1410 idque
873 1327 1062 1412 separatim,
1089 1334 1202 1394 nostro

65 1457 120 1500 nos
141 1437 208 1501 iure
232 1457 357 1500 sumere
381 1435 492 1500 elucet

148 1541 198 1608 Ad
221 1542 426 1626 propositum
451 1545 487 1606 ut
509 1541 688 1624 redeamus,
711 1541 794 1606 addo
819 1541 918 1606 etiam
942 1539 1203 1609 Luetiohannum

66 1648 367 1731 [commenttProp.
388 1671 421 1734 p.
437 1649 567 1713 77-79
591 1650 671 1730 not]
697 1645 883 1732 ceteroquin
897 1647 1099 1714 Lachmanni
1124 1649 1204 1715 diui·

66 1756 181 1820 sionem
213 1759 359 1821 secutum
392 1777 508 1840 poema
539 1754 619 1819 illud
647 1753 680 1820 Π
711 1757 752 1819 10
783 1776 849 1819 non
877 1755 1049 1820 conuenire
1082 1757 1112 1820 ei
1140 1780 1203 1841 quo

66 1863 182 1928 codices
210 1867 337 1946 ponunt
364 1863 438 1929 loco
467 1884 526 1926 sua
553 1861 686 1926 ductum
717 1861 968 1928 ratiocinatione
1000 1864 1203 1948 perspexisse

66 1969 282 2055 relegasssqne
305 1969 340 2034 in
363 1968 483 2033 librum
507 1968 640 2033 tertium
664 1965 725 2053 (IV
750 1967 903 2054 Lachm.).

146 2077 282 2142 Acriora
313 2076 380 2141 tela
408 2076 448 2140 ad
476 2075 730 2160 oppugnandum
762 2075 919 2140 traditum
949 2077 1094 2142 ordinem
1129 2079 1203 2142 sub·

66 2183 221 2248 ministrat
244 2204 373 2248 carmen
396 2181 430 2246 ΙΙ
453 2183 488 2267 9,
516 2182 609 2246 utin
637 2203 701 2266 quo
726 2186 1019 2247 commemorentur
1047 2206 1099 2249 res
1123 2207 1203 2249 non-

64 2291 162 2354 nullae
189 2289 329 2374 tempori
359 2289 456 2375 longe
484 2288 659 2375 posteriori
682 2287 921 2356 adtribuendae.
963 2311 1029 2354 non
1057 2291 1202 2377 urguebo

65 2418 111 2461 uu.
133 2397 174 2463 25
197 2400 231 2462 et
253 2397 310 2472 26:

191 2520 281 2588 Haec
304 2521 384 2586 mibi
408 2525 486 2586 uota
508 2525 599 2586 tuam
622 2524 757 2606 propter
780 2525 931 2606 suscepta
955 2522 1104 2606 salntem,

238 2625 320 2694 Cum
343 2628 450 2712 capite
474 2626 537 2694 hoo
560 2626 696 2712 Stygiae
718 2627 785 2693 iam
808 2631 998 2713 poterentur
1020 2631 1144 2716 aquae?

65 2755 206 2818 morbum
237 2753 330 2817 illum
363 2749 524 2836 Cynthiae
557 2750 736 2836 designari,
768 2753 807 2818 de
841 2775 905 2838 quo
938 2751 1042 2838 elegia
1074 2754 1201 2820 demum

65 2857 154 2925 1128
177 2881 237 2925 nos
265 2859 419 2924 certiores
446 2858 526 2924 facit
548 2859 757 2944 (quamquam
786 2881 846 2924 nec
872 2859 936 2925 hoc
963 2860 1201 2945 neglegendum

65 2969 109 3030 est
132 2969 163 3030 et
184 2965 390 3052 Propertium
415 2968 447 3030 et
470 2969 595 3042 ceteros
624 2969 739 3050 poetas
762 2966 797 3030 in
821 2966 1017 3032 carminibus
1047 2968 1113 3032 suis
1137 2989 1201 3033 uno
1332 3045 1337 3054 ,

64 3073 217 3138 uolumine
254 3070 580 3156 comprehendendis,
617 3072 679 3137 etsi
713 3072 877 3138 interdum
909 3073 1057 3138 uariandi
1095 3075 1202 3160 gratia

65 3162 237 3246 discindant
261 3179 469 3244 cohaerentia
490 3180 692 3263 interpositis
717 3179 845 3263 alienis,
873 3183 983 3246 tamen
1011 3181 1046 3246 in
1073 3182 1201 3246 uniuer-

66 3305 130 3348 sum
160 3287 250 3370 sequi
282 3285 439 3369 temporis
472 3285 632 3366 ordinem,
665 3309 729 3373 quo
761 3285 887 3352 facilius
919 3288 1055 3353 lectores
1086 3289 1201 3353 seriem

65 3392 252 3458 narrationis
270 3392 421 3477 persequi
440 3391 631 3478 potuerint),
656 3392 711 3458 sed
730 3392 792 3458 hoc
810 3394 961 3477 monebo,
979 3415 1108 3459 carmen
1127 3393 1200 3458 119
1279 3422 1281 3426 ·
1315 3393 1333 3416 '

66 3495 114 3560 diu
140 3503 213 3582 post
245 3503 434 3583 superatum
465 3498 558 3564 illurn
591 3500 740 3565 morbum
771 3521 840 3565 esse
873 3500 1029 3586 scriptum
1062 3502 1199 3567 testibus

65 3623 111 3667 uu.
132 3605 172 3671 23
187 3629 249 3691 sq.:

186 3711 249 3777 Hic
272 3714 372 3778 etiam
394 3714 525 3798 petitur,
548 3713 604 3798 qui
627 3717 660 3778 te
683 3713 773 3796 prius
796 3714 865 3798 ipse
889 3714 1034 3799 reliquit:

236 3819 278 3884 Di
302 3819 521 3905 faciant-isto
545 3824 642 3906 capta
664 3819 772 3885 fruare
795 3804 882 3886 uiro-i

65 3940 212 4010 desertam
242 3966 313 4009 esse
342 3941 515 4028 Cynthiam
547 3967 567 4009 a
596 3943 723 4010 Pantho
751 3943 820 4032 (hic
848 3947 934 4010 enim
962 3947 1200 4033 intellegendus

65 4051 108 4112 est
129 4048 249 4138 aperte)
275 4073 312 4116 ex
330 4050 365 4116 II
383 4052 425 4116 21
446 4051 615 4136 discimus,
639 4052 695 4116 sed
719 4052 854 4118 infidum
883 4056 1061 4119 amatorem
1084 4053 1200 4119 iterum

64 4155 100 4218 ab
124 4157 181 4223 illa
208 4158 391 4243 appetitum
418 4180 486 4223 non
514 4159 597 4224 liber
624 4159 798 4245 secundus,
826 4160 882 4225 sed
909 4161 1025 4225 tertius
1049 4159 1200 4226 ostendit

64 4280 131 4326 nam
154 4263 202 4330 III
225 4266 278 4348 20,
304 4267 319 4329 1
338 4288 384 4349 sq.
407 4265 558 4350 legimus:

187 4387 298 4455 Credis
322 4411 395 4456 eum
418 4391 485 4456 iam
508 4412 605 4476 posse
628 4394 704 4456 tuae
727 4392 910 4457 meminisse
935 4393 1067 4478 figurae,

235 4495 358 4562 Vidisti
382 4498 508 4564 alecto
532 4520 626 4586 quem
649 4498 725 4566 dare
749 4501 821 4565 uela
843 4499 922 4566 tuo?
