3052 5044
266 282 311 348 60
623 284 820 341 PROPERTII
837 286 905 342 LIB.
925 287 958 341 11.
979 293 1020 342 14.

788 561 883 633 XIV.

355 713 431 778 Non
454 715 502 781 ita
525 715 692 780 Dardanio
716 717 847 802 gauisus
871 716 988 782 Atrida
1011 716 1176 801 triumpho
1200 721 1266 802 est,

399 819 480 887 Oum
504 823 655 887 caderent
674 844 813 908 magnae
836 824 1067 888 Laumedontis
1090 846 1180 908 opes,
1239 849 1252 872 ·

354 927 423 994 Nec
448 929 494 994 sic
517 923 623 995 erro're
647 933 759 995 exacto
783 930 922 995 laetatus
944 929 1072 1015 Ulixes,

399 1035 480 1101 (lum
503 1036 613 1121 tetigit
636 1058 727 1102 carae
750 1037 847 1101 litora
868 1037 1052 1122 Dulichiae,

328 1140 423 1208 sNec
447 1143 493 1208 sic
516 1143 662 1222 Electra,
686 1143 813 1208 saluum
836 1166 908 1208 cum
932 1145 1059 1228 aspexit
1082 1145 1242 1230 Orestem,

399 1233 497 1314 Cuius
521 1250 604 1314 falsa
626 1252 740 1314 tenens
764 1250 899 1315 denerat
922 1273 996 1316 osse
1019 1253 1108 1333 sinu,

353 1355 422 1421 Nec
445 1358 490 1422 sie
513 1357 707 1422 incolumem
730 1356 849 1422 Minois
873 1357 1000 1424 Thesea
1022 1358 1117 1442 uidit,

396 1463 591 1544 Daedalium
613 1465 681 1529 lino
705 1486 779 1529 cum
803 1464 882 1530 duce
905 1465 989 1530 rexit
1011 1467 1087 1544 iter,

355 1571 484 1648 Quanta
507 1593 568 1657 ego
592 1573 769 1656 praeterita
791 1573 908 1658 collegi
931 1574 1051 1657 gaudis
1072 1576 1182 1638 nocte:

311 1693 344 1742 ιο
397 1678 586 1744 Inmortalis
610 1701 683 1764 ero,
706 1679 733 1744 si
757 1680 859 1744 altera
881 1680 958 1744 talis
982 1681 1053 1744 erit.
1104 1683 1109 1692 “

354 1787 400 1852 At
423 1808 496 1851 cum
520 1786 668 1852 demissis
692 1787 826 1872 supplex
850 1787 1028 1852 ceruicibus
1052 1787 1152 1866 ibam,

397 1894 540 1960 Dicebar
562 1894 647 1960 sicco
670 1894 767 1962 uilior
790 1917 859 1960 esse
883 1895 962 1960 lacu.

354 2001 422 2067 Nec
445 2001 526 2066 mihi
548 2003 614 2068 ism
638 2004 741 2068 fastus
765 2025 927 2087 opponere
952 2003 1081 2088 quaerit
1103 2004 1244 2088 iniquos,

397 2106 467 2173 Nec
490 2109 571 2174 mihi
593 2110 738 2193 ploranti
761 2110 851 2174 lenta
874 2110 982 2175 sedere
1005 2114 1122 2194 potest

287 2227 291 2236 '
312 2231 343 2280 lt
354 2216 463 2300 Atque
486 2216 611 2281 utinam
635 2238 701 2282 non
723 2199 792 2281 tam
816 2238 888 2283 sero
912 2217 992 2281 mihi
1014 2220 1094 2282 note
1117 2217 1232 2281 fuisset

400 2319 569 2388 Condicio!
594 2322 693 2387 cineri
714 2344 800 2387 nunc
823 2322 982 2387 medicine
1004 2323 1108 2388 datur.

355 2425 442 2492 Ante
466 2429 563 2512 pedes
588 2429 690 2494 caeeis
713 2427 843 2494 lucebat
865 2428 982 2494 semite
1003 2427 1114 2494 nobis:

399 2532 529 2599 Scilicet
551 2535 667 2600 insano
690 2556 785 2600 nemo
808 2535 842 2599 in
866 2557 975 2601 eruore
996 2535 1095 2601 uidet.

354 2641 426 2708 Hoc
449 2642 534 2708 sensi
558 2642 710 2726 prodesse
732 2641 852 2728 magis:
877 2642 1086 2728 contemnite,
1109 2644 1268 2708 amantes:

310 2766 344 2815 20
400 2749 453 2815 Sic
477 2750 572 2815 hodie
595 2749 715 2828 ueniet,
739 2749 767 2813 si
789 2771 854 2832 que
876 2749 1009 2834 negauit
1031 2748 1109 2812 heri.

354 2856 533 2922 Pulsabsnt
556 2856 613 2920 alii
636 2856 758 2921 frustra
781 2855 1010 2940 dominamque
1033 2855 1207 2920 uocabant:

398 2962 525 3028 Mecum
547 2962 663 3027 habuit
685 2962 827 3047 positum
850 2963 938 3026 lenta
959 2961 1069 3046 puella
1091 2965 1197 3046 ceput

354 3068 444 3134 Haec
468 3068 548 3134 mihi
571 3067 707 3134 deuictis
730 3069 840 3152 potior
862 3069 1000 3134 uictoris
1022 3067 1166 3147 Parthis,

337 3283 417 3338 Tusr.
466 3288 511 3352 14,
534 3288 555 3336 1.
603 3281 781 3337 Charisius
806 3301 833 3352 p.
859 3287 901 3348 67,
927 3281 1015 3336 11K.:
1046 3280 1123 3334 ‘nam
1148 3279 1305 3334 masculina
1328 3283 1419 3338 modo
1511 3265 1512 3316 ἶ

267 3373 320 3428 ‘es’
340 3373 424 3427 modo
444 3371 483 3426 ‘a’
505 3371 679 3427 nominatiuo
703 3388 768 3427 casu
786 3371 895 3426 ueteres
920 3369 1142 3426 termiuauerunt
1166 3369 1246 3424 uelut
1260 3371 1418 3425 ...Atri-

262 3451 327 3532 des,
347 3460 458 3530 Atrida,
477 3462 510 3515 ut
526 3460 699 3531 Propertius:
718 3461 783 3515 Non
797 3492 829 3500 -
844 3459 1009 3528 triumpho’.

338 3693 406 3748 Vm.
426 3712 500 3748 incr.
538 3692 611 3750 XIV.
648 3693 735 3748 Nono
752 3692 837 3762 slipis
859 3707 919 3745 cnm
942 3692 1022 3745 titulo
1045 3691 1080 3745 de
1103 3691 1261 3758 receptione
1280 3691 1309 3746 in
1328 3695 1419 3748 noete

265 3783 298 3836 in
316 3787 335 3834 0
363 3784 372 3852 ss
401 3789 414 3835 1
444 3784 488 3836 est
506 3787 538 3836 0:
558 3798 608 3837 oni.
628 3782 772 3837 Cliorisins
799 3783 809 3851 l
835 3787 920 3835 totnn
938 3798 965 3834 n.
985 3787 1001 3834 2
1019 3798 1070 3837 orn.
1090 3787 1123 3850 F,
1147 3781 1209 3834 add.
1230 3796 1282 3850 ny.
1301 3797 1336 3836 m.
1355 3787 1378 3836 2
1412 3782 1416 3852 l

265 3871 387 3928 laumed.
406 3876 439 3924 0:
459 3869 579 3925 laomed.
599 3876 622 3923 v
639 3889 673 3927 m.
694 3876 727 3938 2,
745 3877 769 3923 n
782 3872 821 3941 l3
841 3870 945 3924 letatus
964 3871 1061 3924 exacto
1080 3875 1114 3935 1,
1133 3885 1202 3925 corr.
1220 3869 1308 3939 signis
1326 3886 1418 3938 oppo-

264 3964 326 4018 sitis
344 3978 377 4016 ιη,
398 3967 417 4016 2
436 3961 445 4030 ΙΙ
464 3966 480 4013 5
500 3959 639 4025 eletra1‘3
658 3959 768 4013 Electre
788 3959 860 4013 Itali
876 3963 880 4024 Ι
901 3958 1009 4012 saluum
1029 3975 1092 4012 cum
1110 3961 1180 4010 llll:
1201 3975 1280 4010 sunm
1300 3957 1417 4013 saluum

265 4057 319 4104 nv
333 4051 428 4120 (siden
442 4049 502 4103 Nec
516 4054 540 4102 et
550 4050 620 4118 asp.)
637 4050 641 4116 Ι
657 4047 797 4102 horestem
812 4051 830 4100 0
845 4049 895 4115 (te
910 4048 956 4116 V):
976 4048 1085 4101 oresten
1099 4050 1123 4096 11
1136 4046 1146 4116 l
1161 4044 1249 4100 tsinu
1263 4045 1416 4103 Heinsius:

265 4146 380 4195 sonoro
405 4141 525 4208 salossa
551 4139 561 4206 ΙΙ
588 4142 603 4190 '1
632 4135 695 4191 Non
713 4136 752 4190 sie
774 4135 933 4190 incolumen
949 4142 972 4188 1)
985 4139 1009 4188 11
1014 4157 1037 4203 ς,
1049 4137 1165 4201 fortasse
1186 4134 1355 4189 incolumem
1381 4141 1417 4191 ut

265 4228 390 4297 Minuisti
405 4234 438 4281 10
456 4227 534 4280 Imm.
554 4234 575 4279 n
590 4231 611 4277 V
626 4227 636 4295 u
652 4233 682 4280 11
702 4226 760 4278 Ant
777 4230 801 4276 11
819 4242 853 4278 n.
872 4231 888 4278 1
906 4227 910 4292 Ι
926 4242 990 4279 cum
1007 4232 1029 4278 1)
1044 4230 1078 4279 Ἑε
1097 4223 1162 4277 dum
1181 4228 1238 4275 vn
1255 4228 1285 4292 (r
1299 4240 1333 4278 ni.
1352 4225 1386 4292 2)
1409 4231 1417 4281 t

267 4325 310 4386 13,
326 4324 358 4371 14
373 4323 436 4372 onie
452 4323 482 4370 11
502 4316 649 4384 transponi
666 4316 727 4369 nuli
745 4313 929 4384 Fonicininsll
940 4319 972 4368 16
991 4313 1060 4368 mihi
1078 4314 1158 4384 uota]
1177 4313 1271 4367 malim
1288 4312 1420 4381 mutatu

267 4407 335 4462 nata
352 4407 485 4461 Heinsius
506 4408 515 4475 ΙΙ
536 4411 568 4460 16
588 4401 717 4458 Conditio
736 4409 756 4456 Ι*
777 4402 894 4458 Condito
913 4408 937 4455 11
958 4405 968 4473 ΙΙ
992 4408 1024 4457 1‘1
1043 4400 1156 4470 semittn
1174 4402 1264 4470 11113
1283 4399 1373 4470 partis
1394 4409 1416 4456 r
