3004 5068
500 367 787 427 Psouaoousns.
1179 373 1217 427 XI

65 532 203 598 tandem
231 530 350 597 ueteris
378 531 454 596 libri
483 533 611 598 saeculo
634 531 712 596 XIV
740 533 898 616 protracti
927 534 1088 618 scriptura
1115 535 1218 600 incor-

66 643 169 723 rupta
191 642 225 703 et
247 639 391 704 infucata
413 638 494 703 locis
517 640 614 724 louge
637 639 784 723 plurimis
801 643 920 726 pateat,
939 644 1048 706 tamen
1070 643 1217 726 postero·

66 767 142 809 rum
167 744 333 810 sedulitati
356 745 505 810 relictum
528 749 579 810 est
601 768 665 830 quo
689 749 804 810 nostra
827 747 1047 831 suppleantur.
1082 747 1216 813 laetabi-

65 875 143 916 mur
167 872 260 937 ergo,
289 853 316 916 si
339 851 482 916 familiae
507 852 731 918 marimens
754 873 840 917 noua
868 854 1066 938 exemplaria
1089 853 1217 940 integra

65 958 208 1042 posthac
227 956 397 1044 continget
414 979 431 1022 e
450 957 585 1023 latebris
604 979 728 1024 eruere:
751 958 847 1025 modo
868 981 909 1025 ne
928 965 1051 1027 stercus
1074 961 1218 1026 uendant
1253 1029 1261 1044 ‚

66 1087 128 1149 pro
154 1087 243 1130 auro.

159 1170 223 1237 Sed
256 1175 429 1257 antequam
462 1171 503 1236 ad
535 1171 600 1236 alia
636 1172 870 1258 transgredior,
907 1173 1068 1258 quomodo
1104 1195 1215 1239 eorum

65 1279 242 1362 librorum,
270 1277 311 1342 ad
334 1299 414 1362 quos
438 1277 599 1361 Propertii
622 1279 767 1344 recensio
790 1281 841 1344 est
863 1279 1050 1365 derigenda,
1079 1281 1180 1365 script
1203 1317 1214 1330 -

64 1407 137 1449 ram
163 1384 336 1450 adtulerim
360 1405 529 1468 exponam.
553 1406 746 1470 quamquam
771 1384 857 1450 enirn
881 1385 1134 1472 orthographica
1157 1389 1214 1452 mi-

63 1493 155 1557 nime
180 1489 296 1576 spreui,
319 1494 430 1554 tamen
449 1490 606 1574 quaedam
628 1491 808 1558 minutiora
831 1493 934 1558 omisi.
965 1497 998 1558 et
1020 1495 1161 1577 primum
1183 1504 1215 1561 A

64 1601 98 1662 et
125 1607 155 1662 F
184 1596 251 1661 fere
279 1617 407 1680 semper
435 1595 556 1681 (minus
586 1601 775 1663 constanter
801 1597 852 1686 N)
879 1620 895 1664 c
921 1621 980 1683 pro
1009 1620 1046 1664 ac
1076 1599 1213 1685 habent3

66 1727 169 1789 porro
193 1723 306 1769 omnes
329 1702 453 1768 codices
476 1704 600 1787 passim
623 1725 639 1770 c
660 1726 719 1789 pro
743 1710 757 1768 t
778 1702 945 1788 (maium,
967 1705 1145 1790 hospicium,
1167 1707 1215 1772 ui

62 1814 165 1890 uum,
189 1811 315 1890 tociens,
338 1811 475 1893 spaciori
498 1809 653 1897 aliaque),
676 1813 690 1876 i
715 1835 774 1896 pro
797 1833 818 1897 p
841 1810 892 1899 (ut
914 1813 1044 1897 cinthio,
1066 1835 1126 1896 pro
1151 1836 1214 1899 quo

65 1919 167 1983 dubo
194 1915 356 1981 interdum
378 1927 420 2002 V,
443 1918 581 2000 nimphe,
610 1915 699 2006 liro);
726 1939 830 2003 neque
855 1919 961 1984 ubiuis
990 1919 1158 2003 adnotaui,
1187 1921 1214 1985 si

62 2031 282 2107 campere,
305 2043 452 2107 sompnus
474 2025 656 2110 similiaque
679 2025 713 2089 in
735 2036 763 2090 1¹
786 2029 819 2091 et
841 2035 874 2091 N
896 2029 1021 2112 ertaut;
1043 2026 1213 2092 fluctuant·

64 2155 126 2217 que
151 2130 258 2196 eidem
276 2130 361 2194 inter
380 2131 454 2196 litus
471 2135 505 2195 et
523 2131 609 2197 littus
630 2128 691 2217 (sic
710 2132 776 2196 fere
796 2153 923 2217 semper
939 2132 1068 2218 ADV);
1091 2133 1215 2199 habent

63 2239 180 2304 deinde
202 2257 339 2322 auoque,
362 2240 489 2320 ianque,
512 2239 694 2321 quioozquo,
717 2259 892 2321 nuquam,
919 2259 1071 2322 unquam,
1095 2241 1216 2330 circuu-¹

61 2347 139 2410 dure
168 2347 202 2408 et
224 2344 257 2409 id
285 2364 387 2430 genus
416 2346 519 2409 multa
545 2354 613 2410 DV
640 2345 727 2431 (raro
757 2354 871 2431 ΛΡΝ,
900 2347 955 2432 qui
983 2347 1217 2431 plerumqueo'o

62 2446 253 2537 praebent);
281 2451 439 2530 subiicere,
467 2452 607 2517 aarum
635 2456 711 2518 ectr.
733 2461 799 2518 DV
823 2450 903 2537 (uon
924 2450 1037 2539 Arre)
1066 2453 1213 2518 scribunt

64 2557 232 2641 eidemque
256 2577 396 2642 emerere,
419 2563 557 2637 moestos,
577 2559 706 2642 proelio,
727 2559 823 2640 sociis
847 2559 924 2643 alia3
948 2560 1004 2625 sed
1023 2581 1062 2624 ex
1084 2559 1137 2624 hia
1160 2562 1215 2626 sed

63 2664 174 2748 recepi
206 2662 236 2747 (s
244 2684 255 2742 ;
280 2693 322 2716 π
345 2669 391 2730 set
417 2687 513 2748 saepe
540 2661 667 2751 Asn);
696 2664 832 2749 denique
864 2665 959 2730 muti
989 2666 1023 2729 in
1050 2674 1082 2731 A
1113 2668 1147 2730 et
1174 2675 1214 2748 N,

64 2769 197 2835 thauma
220 2769 252 2834 in
272 2780 299 2834 V
318 2771 452 2837 obuium
481 2775 513 2836 et
541 2771 727 2837 huiusmodi
755 2772 947 2858 quisquilias
975 2771 1055 2836 alias
1085 2793 1212 2857 semper

63 2875 246 2942 adscribere
275 2897 342 2941 non
375 2877 422 2942 ita
445 2878 539 2943 anxie
567 2879 675 2944 studui
703 2882 817 2963 utpote
845 2879 878 2942 in
902 2878 994 2943 libris
1019 2879 1210 2944 recentibus.

65 3005 171 3070 neque
200 3003 312 3049 omnes
341 3005 419 3068 ques
448 2995 480 3050 V
502 2989 583 3051 m.2
605 2983 740 3068 praebet
772 2985 1039 3070 interpolationes
1072 3007 1210 3051 comme-

69 3090 211 3172 moraui,
240 3088 296 3154 sed
325 3091 469 3173 potiores
493 3089 688 3176 cognituque
711 3091 819 3156 utiles.

152 3303 287 3388 Iamque
316 3303 477 3387 quomodo
501 3303 626 3369 duobus
650 3303 714 3368 illis
734 3303 931 3389 apographis
950 3326 989 3370 ex
1011 3307 1140 3370 uetusto
1160 3327 1211 3370 co·

64 3409 130 3475 dice
157 3407 268 3495 (quem
292 3409 411 3475 abhinc
434 3420 461 3476 0
485 3408 687 3495 significabo)
711 3410 807 3474 factis
831 3409 874 3474 sit
892 3409 1055 3494 utendum,
1078 3410 1116 3474 de
1139 3411 1210 3495 ipso

63 3527 88 3581 0
111 3515 278 3599 uariisque
302 3515 391 3580 uitiis
414 3537 471 3598 per
498 3518 683 3600 temporum
706 3516 876 3581 decursum
899 3517 934 3580 in
957 3515 1119 3600 Propertii
1143 3539 1210 3583 car-

63 3623 153 3687 mina
176 3622 287 3687 inlatis
311 3625 345 3686 et
366 3621 535 3686 doctorum
558 3621 597 3686 de
621 3621 738 3687 studiis
761 3626 811 3688 est
834 3621 1067 3707 exponendum.

153 3727 246 3793 Licet
261 3732 409 3794 neutrum
424 3727 500 3792 libri
515 3738 542 3794 0
558 3729 783 3815 apographum
798 3730 915 3814 ipsum,
935 3729 990 3794 sed
1010 3729 1081 3795 sola
1094 3731 1212 3796 utrius-

66 3858 125 3920 que
151 3834 352 3918 exemplaria
376 3832 486 3917 (unius
508 3844 539 3901 A
558 3840 591 3901 et
608 3846 635 3900 V
658 3857 699 3902 m.
712 3843 741 3919 1,
764 3837 881 3921 quibus
905 3836 1121 3920 supplementi
1139 3839 1210 3904 loco

66 3941 189 4007 accedit
211 3950 254 4025 N,
277 3939 410 4005 alterius
432 3950 462 4005 D
485 3945 519 4007 et
540 3952 572 4007 V
594 3963 635 4007 m.
653 3940 687 4030 1)
709 3943 805 4009 nobis
830 3926 947 4028 adsint,
969 3948 1078 4009 tamen
1102 3967 1141 4010 ex
1160 3944 1210 4009 his

66 4053 186 4114 certam
215 4047 384 4112 amborum
412 4047 587 4134 imaginem
615 4052 725 4115 mente
751 4049 846 4114 nobis
869 4051 1071 4117 conformare
1098 4073 1210 4136 possu-

65 4178 143 4220 mus.
178 4158 212 4219 et
229 4154 264 4218 in
280 4153 464 4220 uniuersum
480 4155 609 4239 quidem
629 4159 823 4240 apparatum
837 4156 986 4221 criticum
999 4157 1210 4241 perlustranti

66 4266 207 4348 apparet,
230 4261 358 4345 utrique
376 4261 520 4326 familiae
539 4285 599 4346 par
613 4262 841 4328 uindicandum
860 4263 998 4348 pretium
1017 4283 1120 4347 neque
1140 4285 1210 4329 esse

66 4392 117 4435 cur
140 4369 280 4435 alteram
303 4390 379 4453 prae
408 4369 513 4434 altera
536 4370 743 4436 extollamus:
771 4392 846 4436 suas
870 4370 983 4434 ambae
1010 4369 1114 4434 bonas
1142 4394 1209 4437 ma-

66 4475 175 4563 lasque
199 4475 356 4544 lectiones
379 4475 547 4560 praebent.
584 4477 630 4542 sic
654 4498 700 4542 er.
721 4498 769 4564 gr.
791 4476 914 4542 habent
936 4476 952 4542 I
980 4479 1043 4562 1,1
1069 4479 1147 4561 cepit
1163 4488 1210 4544 V:
