3052 5044
503 338 699 394 PROPERTll
718 339 784 394 mn.
804 340 837 394 Il.
858 344 899 394 13.

647 615 743 688 XIII.

210 769 287 834 Non
310 774 363 836 tot
386 769 613 836 Achaemeniis
637 775 804 836 armantur
826 771 918 836 Itura
941 769 1086 856 sagittis,

257 876 389 961 Spicula
412 883 492 962 quot
514 881 626 943 nostro
649 882 779 963 pectore
802 879 871 943 fixit
894 879 1004 942 Amor.

211 983 275 1048 Hic
298 1006 349 1048 me
372 989 441 1049 tam
465 985 603 1071 graciles
627 987 733 1051 uetuit
754 989 959 1051 contemnere
982 983 1109 1067 MusaS,

256 1092 357 1156 IussIt
380 1097 413 1155 et
434 1091 614 1158 Ascraeum
637 1092 683 1158 sic
706 1093 856 1158 habitare
879 1113 1007 1176 nemus,

179 1198 290 1264 5Non
312 1202 348 1263 nt
371 1198 497 1264 Pieriae
521 1222 656 1284 quercus
680 1222 751 1264 mea
775 1200 873 1264 uerba
897 1200 1086 1282 sequantur,

256 1306 325 1370 Aut
346 1305 470 1389 possim
494 1306 632 1371 Ismaria
655 1307 769 1372 ducere
792 1307 877 1372 ualle
900 1308 999 1384 feras,

213 1412 277 1477 Sed
299 1414 405 1499 magis
430 1417 465 1478 ut
488 1417 601 1478 nostro
626 1415 777 1498 stupefiat
801 1403 942 1498 Cynthia
965 1433 1074 1477 uersu:

259 1520 349 1584 Tunc
373 1539 434 1604 ego
458 1519 519 1583 sim
542 1519 675 1584 Inachio
699 1520 808 1585 notior
831 1523 900 1584 arte
924 1518 1014 1584 Line.

212 1627 288 1692 Non
312 1649 373 1713 ego
397 1651 468 1692 sum
491 1627 616 1692 formae
639 1631 766 1692 tantum
790 1627 925 1692 mirator
948 1627 1117 1710 honestae,

157 1753 202 1802 10
259 1734 325 1800 Nec
350 1734 378 1799 si
402 1731 471 1819 qua'
489 1733 634 1799 illustres
657 1735 779 1800 femina
801 1735 903 1799 iactat
927 1756 1020 1798 auos:

211 1842 264 1907 Me
287 1843 378 1906 iuuet
401 1842 435 1906 in
460 1843 583 1928 gremio
607 1843 720 1908 doctae
743 1842 862 1926 legisse
886 1841 1026 1925 puellae,

257 1949 402 2014 Auribus
425 1952 459 2013 ct
480 1949 571 2034 puris
596 1949 716 2033 scripta
739 1949 894 2033 probasse
917 1970 998 2014 mea.

211 2056 302 2121 Haec
324 2055 382 2121 ubi
406 2055 614 2140 contigerint,
637 2057 750 2140 populi
774 2057 907 2122 confusa
931 2054 1038 2121 ualeto

257 2163 394 2229 Fabula:
418 2185 494 2227 nam
517 2162 648 2227 domina
670 2163 773 2227 iudice
796 2166 887 2227 tutus
911 2185 974 2228 ero.

158 2287 202 2338 15
213 2271 303 2348 Quae
327 2270 355 2333 si
377 2267 463 2333 forte
486 2269 587 2334 bonas
612 2269 650 2333 ad
674 2291 786 2353 pacem
809 2270 945 2335 uerterit
967 2290 1074 2353 aures,

258 2377 396 2442 Possum
418 2376 609 2441 inimicitias
631 2379 708 2440 tunc
732 2396 792 2461 ego
815 2376 900 2440 ferre
923 2375 1021 2441 Iouis.

688 2540 707 2580 ῃ

600 2630 617 2668 *
777 2629 795 2667 *

215 2752 488 2835 Quandocumque
513 2749 612 2835 igitur
634 2752 767 2813 nostros
791 2771 878 2812 mors
903 2749 1028 2814 claudet
1051 2748 1186 2831 ocellos,

258 2859 380 2941 Accipe
404 2879 485 2942 quae
509 2878 618 2921 serues
641 2855 764 2920 funeris
788 2859 861 2920 acta
884 2846 956 2920 mei.

214 2964 265 3030 Ne
288 2987 361 3030 mea
383 2967 461 3028 tunc
483 2965 583 3047 longa
606 2963 765 3045 spatietur
788 2963 930 3046 imagine
954 2985 1087 3046 pompa,

160 3089 204 3138 20
259 3068 328 3135 Nec
350 3070 429 3138 tuba
452 3069 496 3134 sit
518 3068 576 3132 fati
600 3090 686 3132 uana
710 3068 852 3151 querella
874 3068 951 3150 mei,

214 3175 283 3242 Nec
306 3177 385 3242 mihi
408 3179 485 3240 tunc
508 3175 610 3240 fulcro
634 3178 797 3240 sternatur
819 3175 922 3241 lectus
946 3175 1083 3258 eburno,

260 3283 328 3350 Nec
352 3285 396 3350 sit
417 3286 453 3348 in
477 3283 620 3348 Attalico
643 3304 731 3348 mors
754 3305 827 3348 mea
848 3282 925 3347 nixa
947 3286 1035 3366 toro,

105 3466 340 3480 .-..---——-
411 3467 414 3474 .

198 3569 265 3622 Vm.
286 3587 359 3622 mer.
396 3565 470 3620 XIII.
507 3566 593 3620 Noua
610 3566 696 3635 alapia
713 3581 774 3619 curu
792 3566 872 3619 tituto
891 3565 925 3619 de
944 3580 1039 3619 amore
1058 3565 1176 3634 1110111
1196 3561 1270 3617 achi-

106 3657 228 3718 meniis
247 3663 265 3712 0
291 3660 295 3725 1
324 3645 449 3712 armatur
466 3660 490 3707 n
518 3659 523 3722 1
553 3655 629 3709 Itura
650 3655 807 3710 Fontanus:
828 3655 937 3708 etrusca
955 3658 973 3707 0
994 3654 1063 3709 Susa
1082 3653 1153 3706 Itali
1170 3652 1273 3706 Bactra

109 3748 341 3815 Oudendorptuc
350 3744 613 3816 AtusaEtlisu'usllt
628 3747 658 3800 et
671 3761 720 3798 our.
735 3750 756 3796 1²
770 3761 803 3798 m.
819 3743 879 3814 115
894 3744 937 3811 ut]
952 3759 986 3796 ne
996 3742 1063 3813 0116
1077 3741 1272 3796 hismarianr

107 3835 270 3910 hysmaria
287 3840 310 3887 v
327 3834 476 3903 hismerias
493 3834 570 3901 11118
599 3833 725 3903 Inachio]
751 3833 839 3888 Aonio
863 3833 945 3901 Alpa.
966 3833 1103 3886 Hactenus
1126 3849 1217 3887 comm.
1241 3831 1274 3885 de

109 3927 213 3986 Antia.
233 3926 328 3980 Gracc.
346 3943 374 3994 p.
395 3929 428 3977 59
452 3925 462 3992 11
486 3929 517 3976 11
538 3923 596 3993 Me]
617 3921 678 3976 Non
697 3926 720 3973 V
738 3939 789 3991 my.
808 3939 843 3975 ns.
862 3928 882 3977 2
899 3924 903 3990 Ι
919 3921 998 3976 iuuat
1017 3937 1033 3979 ς
1055 3923 1065 3989 11
1090 3928 1121 3974 12
1141 3919 1218 3990 puris
1237 3927 1271 3974 D:

109 4015 222 4092 pueris
240 4019 298 4066 un
311 4017 342 4080 V,
362 4019 386 4068 et
404 4019 425 4065 D
444 4029 496 4081 my.
512 4028 566 4080 pro
580 4029 642 4066 uar.
657 4013 714 4066 lect.
728 4012 738 4080 1
754 4017 785 4064 13
805 4009 1016 4079 confugerintr
1035 4027 1068 4064 nu.
1088 4015 1104 4063 1
1124 4007 1274 4078 contigerit

109 4118 153 4176 n,
177 4108 204 4156 v
222 4121 256 4158 ua
276 4108 306 4169 1;
330 4103 391 4157 Hoc
414 4101 463 4155 ubi
487 4100 636 4170 contigerit
654 4099 803 4154 Sostratus
830 4102 840 4166 1
868 4105 900 4152 15
920 4097 999 4164 Quod
1018 4105 1047 4165 r,
1066 4104 1090 4151 et
1108 4105 1130 4150 n
1153 4115 1203 4166 my.
1221 4113 1274 4166 pro

111 4213 189 4254 aar.
209 4195 265 4248 tect.
285 4195 295 4261 11
315 4197 348 4246 16
367 4197 392 4245 ct
412 4197 444 4246 1‘1
464 4192 605 4244 saturent
623 4191 654 4244 a'u
673 4193 705 4257 ⁰3
728 4189 834 4242 hiatum
857 4203 992 4256 opnoucrc
1010 4187 1231 4240 Henrstcrtusius
1250 4193 1274 4240 et

114 4283 297 4343 Schradcrus
310 4281 321 4350 l
336 4287 368 4336 11
387 4281 474 4350 mors]
494 4294 549 4333 nox
567 4278 636 4332 coni.
656 4277 791 4332 Heinsius
803 4278 813 4346 11
829 4281 860 4330 19
880 4275 922 4328 Ne
940 4275 1134 4328 Burmannus:
1154 4275 1212 4330 Nec
1232 4279 1250 4328 0
1268 4275 1271 4347 1

113 4371 268 4446 spaciatur
286 4373 365 4440 1171
384 4387 477 4440 ymag.
496 4373 517 4420 1·
539 4369 549 4437 1
572 4374 605 4421 20
625 4367 739 4436 querela
758 4371 777 4418 0
799 4367 809 4436 11
832 4371 865 4418 22
887 4363 961 4434 nixa]
982 4362 1061 4420 iuxta
1078 4370 1111 4433 F,
1131 4383 1200 4420 corr.
1219 4383 1271 4439 naq.

114 4483 155 4520 ur.
180 4468 200 4519 2
