3004 5068
263 354 305 418 10
647 332 843 408 prorsam
862 353 929 408 ms.
950 356 969 410 1.
989 363 1014 409 s.

349 516 411 581 His
434 537 495 601 ego
518 537 584 582 non
608 517 721 582 horam
745 538 876 601 possum
900 517 1014 582 durare
1038 519 1205 603 querellis:

395 623 569 707 dpereat,
592 623 620 687 si
644 623 716 708 quis
740 624 848 686 lentus
872 645 981 688 amare
1004 625 1127 707 potest!

349 730 402 795 An
425 729 506 794 mihi
529 730 572 794 sit
593 729 678 794 tanti
701 729 813 794 doctas
836 751 1030 816 cognoscere
1053 729 1201 796 Athenas

394 835 502 920 Atque
525 835 624 900 Asiae
647 840 773 901 ueteres
797 856 926 901 cernere
949 836 1095 922 diuitias,

307 957 338 1007 15
349 942 395 1008 Ut
417 942 498 1007 mihi
521 941 656 1006 deducta
678 941 779 1008 faeiat
801 943 947 1008 conuicia
969 943 1071 1027 puppi

396 1047 536 1133 Cynthia
560 1051 594 1112 et
615 1048 738 1112 insanis
763 1071 819 1114 ora
842 1051 936 1114 notet
957 1048 1118 1134 manibus,

350 1155 531 1240 Osculaque
555 1177 575 1220 a
596 1155 704 1239 posito
728 1155 816 1220 dicat
839 1155 901 1220 sibi
924 1156 1033 1220 debita
1056 1160 1155 1221 uento

394 1262 439 1327 Et
461 1261 545 1327 nihil
568 1261 667 1326 infido
692 1263 801 1326 durius
826 1284 895 1326 esse
919 1262 1012 1327 uiro?

350 1368 401 1433 Tu
423 1369 532 1452 patrui
554 1369 688 1432 meritas
712 1389 828 1432 conare
851 1368 974 1432 anteire
999 1389 1125 1433 secures

306 1493 340 1542 2ο
395 1474 440 1539 Et
463 1475 573 1538 uetera
597 1472 708 1537 oblitis
732 1473 804 1538 iura
827 1472 911 1536 refer
935 1473 1043 1538 sociis:

347 1581 433 1646 Nam
456 1583 514 1644 tua
537 1601 603 1643 non
627 1582 716 1642 aetas
741 1600 895 1662 umquam
918 1580 1059 1644 cessauit
1082 1582 1200 1664 amori,

393 1687 525 1770 Semper
549 1688 583 1749 at
606 1687 751 1748 armatae
776 1706 852 1748 cura
874 1684 938 1748 fuit
961 1687 1101 1771 patriae3

347 1793 392 1857 Et
414 1793 475 1856 tibi
498 1814 564 1856 non
586 1812 740 1874 umquam
762 1794 903 1854 nostros·
916 1813 996 1874 puer
1019 1791 1081 1856 iste
1104 1793 1252 1859 labores'

391 1898 527 1963 Adferat
550 1900 582 1962 et
604 1895 745 1960 lacrimis
770 1897 879 1961 omnia
902 1900 980 1961 nota
1002 1898 1093 1964 meis

303 2032 337 2080 ao
348 2014 400 2079 Me
425 2013 509 2098 sine,
532 2035 627 2097 quem
651 2006 756 2076 uolu'it
780 2033 905 2095 semper
929 2012 1073 2077 Fortuna
1095 2014 1212 2098 iacere,

392 2120 485 2186 Hanc
509 2121 652 2186 animam
675 2122 837 2184 extremae
860 2120 992 2185 reddere
1017 2122 1189 2206 nequitiae.

349 2228 444 2294 Multi
467 2228 647 2314 longinquo
671 2227 795 2310 periere
817 2227 852 2290 in
876 2248 984 2291 amore
1007 2227 1159 2311 libenter,

393 2335 431 2400 In
456 2357 594 2418 quorum
617 2355 750 2398 numero
773 2355 824 2397 me
849 2355 976 2418 qnoque
999 2337 1087 2399 terra
1109 2337 1208 2419 tegat.

348 2441 425 2508 Non
448 2463 509 2527 ego
533 2464 604 2506 sum
627 2440 728 2524 laudi,
751 2461 818 2504 non
839 2444 935 2506 natus
958 2441 1092 2507 idoneus
1116 2443 1228 2507 armis:

305 2576 339 2625 3ο
393 2557 487 2621 Hanc
510 2578 561 2620 me
585 2555 735 2620 militiam
759 2555 828 2619 fata
852 2555 959 2620 subire
983 2556 1105 2621 uolunt.

348 2662 394 2728 At
417 2666 453 2727 tu
477 2685 533 2728 seu
556 2661 664 2726 mollis
689 2683 751 2745 qua
773 2661 879 2726 tendit
901 2661 994 2726 Ionia
1018 2685 1075 2726 seu
1098 2685 1161 2747 qua

393 2769 496 2854 Lydia
518 2767 643 2832 Pactoli
666 2767 766 2852 tingit
790 2770 881 2831 arata
902 2767 1022 2852 liquor,

348 2875 410 2941 Seu
433 2874 570 2959 pedibus
595 2876 697 2939 terras
723 2895 777 2937 seu
800 2875 934 2957 pontum
958 2895 1089 2958 carpere
1112 2876 1208 2940 remis

262 3082 474 3091 ..—-——

331 3210 397 3264 Vns.
417 3230 490 3263 asor.
530 3214 561 3261 11
588 3207 709 3276 querelis
728 3212 747 3259 0
770 3209 780 3279 Ι)
803 3213 834 3261 12
862 3208 901 3263 ha
918 3214 988 3278 Ar,
1007 3210 1044 3262 ah
1063 3212 1143 3265 ceteri
1167 3213 1171 3280 Ι
1196 3228 1290 3267 amore
1310 3219 1371 3268 Ar
1385 3224 1412 3270 A
1431 3227 1437 3238 ·

257 3302 299 3369 (in
316 3300 359 3353 ais
377 3299 483 3353 (luobus
501 3313 569 3354 corr.
589 3314 623 3352 ur.
643 3297 673 3366 2)
696 3298 706 3365 Ι)
730 3301 763 3349 14
790 3297 914 3368 cernere]
933 3302 955 3349 v
973 3315 1007 3352 m.
1027 3303 1047 3353 2
1065 3316 1117 3369 rap.
1136 3315 1249 3354 noscere
1266 3301 1410 3369 {disicias

256 3395 280 3442 A
293 3394 317 3441 n
330 3392 340 3457 l
355 3394 388 3442 15
407 3389 478 3442 deest
495 3387 554 3441 siae
571 3386 721 3440 interuallo
736 3387 769 3440 ia
785 3390 843 3437 Ar
862 3387 904 3454 (iu
917 3387 965 3442 illo
979 3405 1013 3442 m.
1027 3405 1078 3443 rec.
1098 3405 1149 3459 my.
1169 3388 1291 3457 addidit,
1310 3391 1411 3447 inlice

257 3495 322 3547 rap:
337 3477 403 3546 del.)
420 3476 424 3548 Ι
441 3475 525 3531 fatiat
539 3480 573 3529 cir
587 3473 657 3528 uitia
667 3473 769 3543 popili
780 3473 933 3529 conuitian
946 3475 957 3544 Ι)
973 3481 1003 3530 17
1019 3475 1138 3544 aposito
1146 3475 1258 3544 scripsi:
1273 3479 1408 3547 opposito

258 3572 277 3619 0
293 3569 324 3621 nt
342 3565 434 3636 posito
449 3565 657 3630 Lachmanuus3
677 3563 806 3632 opposito
821 3595 855 3604 —
869 3566 956 3634 ponto
975 3563 1140 3619 Fonteiaiue
1165 3567 1169 3633 )
1194 3562 1297 3618 debita'
1307 3569 1330 3616 A
1344 3571 1367 3616 Ε
1381 3575 1406 3621 R

257 3656 291 3722 (v
308 3671 359 3723 περ.
379 3671 414 3707 m.
433 3654 478 3722 2):
497 3651 593 3706 dedita
611 3656 669 3703 DV
688 3651 838 3718 (contraria
855 3653 900 3706 liic
917 3669 969 3722 ηπ).
987 3669 1021 3706 m.
1041 3655 1072 3722 2)
1099 3655 1109 3722 1)
1138 3659 1169 3706 19
1198 3658 1404 3725 3331123532·Η

257 3749 292 3798 20
311 3739 391 3796 sotiis
410 3745 431 3791 1)
446 3744 502 3791 N
525 3741 534 3808 ΙΙ
558 3744 590 3792 21
610 3754 761 3807 numquam
781 3743 838 3792 Ar
857 3741 891 3808 (V
908 3758 942 3795 m.
962 3742 993 3810 2)
1011 3742 1021 3809 Ι)
1034 3747 1068 3794 22
1092 3742 1122 3796 at
1141 3746 1173 3796 0:
1193 3743 1221 3796 et
1240 3757 1256 3799 ς
1273 3744 1277 3810 l
1293 3747 1404 3800 armato

258 3829 478 3885 Haruterlrcsius
492 3829 501 3895 Ι)
515 3833 549 3881 23
568 3843 692 3894 unquam
711 3829 742 3882 ia
760 3843 903 3896 nunquam
920 3844 989 3883 corr.
1005 3834 1025 3880 r
1044 3834 1069 3884 et
1086 3834 1109 3881 V
1127 3815 1162 3886 m}
1175 3834 1195 3885 2
1209 3832 1218 3900 ΙΙ
1232 3837 1267 3885 24
1286 3831 1406 3888 Adferat

257 3924 280 3973 A
294 3923 330 3973 A:
354 3916 462 3972 Afferat
480 3917 559 3970 ceteri
588 3918 592 3985 Ι
622 3915 716 3970 omnia
734 3921 766 3971 0:
790 3917 891 3972 ultima
910 3932 926 3975 ς
951 3919 1060 3974 somnia
1080 3918 1255 3974 Passeratius
1274 3925 1302 3974 sl
1327 3923 1406 3976 mala

256 4007 377 4064 Jacobus
402 4006 407 4073 l
431 4005 499 4058 note
516 4009 537 4054 F
556 4004 635 4073 (corr.
654 4021 688 4059 m.
707 4007 737 4074 2)
756 4010 781 4060 et
799 4012 820 4058 n
839 4023 890 4076 my.
907 4022 960 4075 pro
978 4023 1040 4063 aar.
1059 4009 1115 4063 lect.
1139 4011 1148 4077 Ι)
1171 4014 1205 4063 25
1228 4008 1325 4080 quem]
1344 4008 1405 4064 ism

257 4101 280 4150 A
293 4102 314 4148 r
332 4097 375 4164 (iu
392 4095 448 4149 hoc.
468 4108 535 4148 corr.
555 4110 588 4147 m.
609 4096 639 4162 2)
655 4096 659 4163 Ι
676 4094 731 4147 uol.
752 4110 861 4163 semper
878 4102 900 4148 1)
915 4099 949 4150 V:
969 4112 1079 4166 semper
1096 4097 1151 4153 nol.
1167 4099 1247 4152 ceteri
1257 4099 1290 4166 (v
1303 4114 1338 4151 m.
1348 4100 1381 4165 2)
1397 4097 1407 4170 Ι)

258 4193 292 4242 26
307 4182 435 4253 nequicie
450 4188 484 4249 A;
504 4184 675 4238 extrema-
690 4183 818 4250 nequitia
832 4183 1015 4258 Fonteiuiasll
1025 4192 1058 4241 23
1073 4185 1147 4240 Mult
1161 4187 1222 4255 (ita)
1236 4188 1259 4237 A
1272 4183 1356 4238 Multi
1371 4203 1407 4240 ee

257 4273 348 4328 Multa
367 4289 435 4328 corr.
455 4277 475 4323 r
498 4277 502 4340 )
524 4271 663 4341 longaeuo
683 4271 849 4328 Fonteinius
872 4275 881 4343 Ι)
904 4281 938 4330 28
957 4292 1002 4330 me
1020 4292 1083 4330 mea
1100 4278 1176 4330 terra
1193 4273 1379 4330 Burmannus
1397 4277 1407 4348 ll

258 4368 291 4416 29
310 4361 434 4431 ydoneus
454 4365 476 4414 A
502 4363 511 4429 Ι)
539 4367 572 4415 30
596 4360 771 4416 miliciamA
798 4364 808 4431 Ι)
834 4369 867 4417 31
893 4362 968 4418 tudit
985 4369 1019 4432 r,
1043 4379 1113 4419 corr.
1132 4381 1166 4421 m.
1186 4368 1205 4419 2
1232 4365 1242 4432 ΙΙ
1269 4369 1302 4417 32
1322 4363 1409 4421 Lidia

257 4455 342 4504 Aru
359 4452 363 4517 Ι
378 4448 483 4518 tinguit
500 4453 553 4500 Ar
572 4448 661 4519 cingit
678 4455 732 4504 nv
749 4454 752 4518 Ι
769 4452 862 4506 aratra
879 4457 902 4504 V
920 4470 953 4508 m.
973 4459 993 4509 2
