3052 5044
264 293 307 358 62
643 293 836 350 PROPERTII
855 295 921 349 LIB.
941 295 975 352 Π.
995 299 1038 352 10.

350 457 426 524 Non
448 460 540 524 iuuat
562 460 596 525 in
620 481 714 526 caeco
737 459 896 525 Venerem
920 481 1123 544 corrumpere
1147 463 1253 524 motu:

398 563 432 629 Si
454 566 572 644 nescis,
596 568 780 633 oculi‘sunt
802 568 836 632 iu
860 591 967 633 amore
991 567 1096 634 duces.

351 673 425 758 Ipse
449 672 540 738 Paris
564 675 652 739 nuda
674 675 777 740 lertur
800 677 934 760 periisse
958 675 1118 760 Lacaena,

395 777 476 844 Cum
499 779 667 848 Menelaeo
692 788 839 868 surgeret
862 805 879 846 e
902 783 1059 848 thalamo:

306 885 463 951 1eNudus
487 890 521 950 et
542 887 728 972 Endymion
751 888 873 955 Phoebi
898 889 1020 973 cepisse
1048 911 1201 954 sororem·

393 994 522 1058 Dicitur
546 997 578 1059 et
600 994 704 1060 nudae
727 996 939 1062 concubuisse
957 995 1049 1060 deae.

350 1100 442 1177 Quod
466 1101 494 1165 si
516 1102 712 1184 pertendens
737 1103 846 1167 animo
870 1103 989 1168 uestita
1012 1102 1152 1186 cubaria,

395 1207 503 1273 Scissa
526 1213 616 1273 ueste
639 1231 728 1275 meas
752 1210 914 1293 experiere
937 1232 1067 1275 manus:

350 1314 436 1390 Quin
459 1316 571 1395 etiam,
594 1317 623 1381 si
647 1339 697 1380 me
720 1317 855 1382 ulterius
879 1318 1065 1401 prouexerit
1086 1318 1148 1401 irs,

306 1437 340 1485 2ο
395 1420 553 1486 Ostendes
578 1422 676 1487 matri
699 1423 833 1488 brachia
856 1423 1050 1488 laesa'tuae.

349 1527 495 1592 Necdum
518 1528 693 1593 inclinatae
716 1528 889 1612 prohibent
913 1532 945 1592 te
969 1528 1078 1594 ludere
1101 1549 1277 1594 mammae:

393 1634 521 1699 Viderit
543 1635 618 1720 hoc,
643 1635 670 1700 si
694 1658 791 1720 quam
815 1636 880 1701 iam
904 1637 1069 1720 peperisse
1093 1636 1201 1720 pudet.

348 1741 434 1806 Dum
457 1763 517 1806 nos
540 1741 610 1806 fata
634 1742 757 1826 sinunt,
780 1742 890 1808 oculos
914 1743 1069 1808 satiemus
1093 1764 1215 1808 amore:

391 1847 466 1913 Nox
489 1848 552 1913 tibi
573 1849 673 1933 longa
696 1850 802 1933 uenit,
824 1872 884 1914 nec
906 1849 1048 1915 reditura
1071 1851 1147 1915 dies.

303 1971 336 2020 25
347 1955 454 2040 Atque
478 1955 602 2020 utinam
625 1955 795 2020 haerentes
819 1956 865 2021 sic
888 1978 948 2022 nos
972 1956 1092 2042 uincire
1116 1960 1230 2022 catena

390 2062 513 2145 Vellet,
536 2062 584 2127 uti
607 2084 783 2146 numquam
808 2063 950 2127 solueret
971 2064 1041 2128 ulla
1064 2063 1147 2128 diesl

345 2169 503 2253 Exemplo
526 2170 655 2233 iunctae
679 2169 740 2233 tibi
763 2169 886 2233 sintin
909 2192 1019 2235 amore
1043 2169 1227 2248 columbae,

391 2275 554 2341 Masculus
579 2278 612 2339 et
633 2278 739 2340 totum
763 2274 884 2340 femina
907 2276 1102 2362 coniugium.
1129 2303 1132 2311 ·

345 2383 459 2468 Errat,
483 2384 537 2468 qni
561 2383 659 2448 finem
683 2384 794 2447 uesani
817 2384 945 2468 quaerit
968 2383 1103 2449 amoris:

302 2506 336 2555 30
390 2489 496 2564 Verus
521 2512 612 2555 amor
634 2490 757 2554 nullum
781 2491 875 2556 nouit
897 2490 1018 2556 habere
1042 2489 1183 2556 modum.

348 2595 449 2661 Terra
471 2597 562 2681 prius
585 2596 669 2661 falso
692 2598 788 2679 partu
812 2595 942 2662 deludet
965 2601 1108 2682 arantes,

391 2704 436 2768 Et
459 2703 555 2768 citius
578 2704 690 2788 nigros
716 2701 771 2767 sol
795 2704 934 2789 agitabit
957 2726 1072 2788 equos,

346 2809 557 2895 Fluminaque
582 2810 623 2875 ad
646 2815 744 2896 caput
766 2811 921 2895 incipient
944 2833 1094 2876 reuocare
1119 2811 1277 2896 liquores,

392 2915 509 2980 Aridus
533 2921 566 2981 et
589 2917 673 2983 sicco
697 2917 826 3003 gurgite
850 2917 948 3001 piscis
973 2918 1048 3001 erit,

304 3022 455 3098 3311113111
478 3023 601 3106 possim
624 3027 755 3089 nostros
778 3024 841 3088 alio
864 3023 1040 3089 transferre
1064 3026 1199 3090 calores:

391 3128 497 3194 Huius
521 3152 575 3194 ero
599 3131 707 3215 uiuus,
730 3135 876 3196 mortuus
901 3130 997 3196 huius
1021 3155 1085 3197 ero.

257 3317 469 3326 ——uw—

328 3431 396 3486 Vm.
416 3451 489 3488 incr.
529 3432 811 3502 reperirentur
840 3433 849 3500 11
878 3436 911 3484 14
935 3432 1064 3486 menelao
1083 3437 1141 3483 H
1168 3433 1178 3501 11
1206 3437 1238 3485 15
1263 3431 1412 3489 endim.!

259 3521 360 3577 endim.
380 3525 404 3573 11
430 3523 441 3590 11
468 3527 502 3575 16
528 3520 620 3574 nudae
638 3525 804 3589 suspectiora
822 3519 929 3574 nitidae
948 3521 983 3574 Α.
1005 3521 1128 3588 Palmer,
1146 3521 1241 3575 malim
1260 3520 1382 3590 cupidae
1401 3525 1411 3594 11

260 3615 363 3664 11-22
383 3627 440 3665 nou
457 3611 541 3664 huius
559 3611 612 3664 loci
630 3625 684 3664 esse
701 3615 767 3664 sunt
784 3610 841 3663 uisi
859 3609 1008 3664 Footcinio
1035 3611 1045 3678 l
1073 3615 1104 3663 17
1131 3609 1241 3664 cubaris
1262 3611 1410 3666 Muretus:

259 3699 374 3752 cubares
394 3703 412 3749 0
435 3699 445 3767 11
469 3704 501 3753 18
521 3697 597 3753 Sissa
614 3705 635 3750 0
652 3702 657 3767 1
673 3714 761 3769 ceper.
780 3705 801 3751 r
823 3699 833 3768 11
856 3703 887 3752 19
907 3697 1096 3769 Quinetiam]
1117 3696 1244 3766 1111112,
1264 3714 1333 3754 corr.
1352 3717 1408 3770 my.

258 3804 292 3840 m.
311 3791 331 3842 2
348 3787 352 3854 l
369 3787 393 3858 ei
414 3804 459 3853 me
479 3788 501 3840 si
520 3790 673 3857 11132120
692 3787 824 3843 bracchia
836 3791 922 3840 MV
935 3789 945 3858 l
959 3793 991 3842 21
1012 3787 1179 3858 prohibente
1194 3787 1212 3841 l.
1227 3792 1248 3838 r
1266 3789 1408 3857 1111122

257 3877 312 3932 hoo
330 3883 352 3928 1)
366 3881 402 3930 V:
421 3876 514 3944 h(a)ec
531 3881 589 3928 Π
616 3878 626 3946 1
648 3883 682 3931 23
702 3877 837 3932 sociemus
856 3883 874 3929 0
890 3878 908 3947 Ι1
931 3882 965 3931 25
983 3877 1130 3932 haerentes
1148 3875 1242 3931 Venus
1261 3893 1278 3930 c
1297 3875 1408 3931 uincire

258 3966 391 4020 Eldllcios
413 3965 467 4033 sic,
490 3965 566 4035 Nox,
590 3965 695 4021 uincire
714 3966 789 4021 Gall.
812 3966 961 4020 Fischeros
980 3964 1099 4034 Cythere
1118 3981 1173 4034 pro
1193 3966 1292 4019 catena
1313 3962 1408 4035 (laye-

257 4058 373 4126 1031126
388 4052 483 4109 Vellet
495 4054 538 4109 uti
550 4056 662 4124 scripsi:
682 4055 776 4110 Vellet
789 4058 855 4110 utr
874 4054 969 4110 Velles
987 4055 1020 4108 ut
1037 4061 1059 4106 1)
1073 4059 1096 4106 v
1110 4060 1134 4106 11
1153 4055 1184 4122 (r
1197 4071 1232 4106 m.
1246 4054 1276 4121 2)
1291 4050 1410 4109 Vellent

259 4144 326 4210 (eccl.
346 4144 415 4213 lata)
434 4146 467 4199 ut
484 4143 666 4200 Burmarmas
682 4160 772 4212 praue
801 4149 804 4211 1
833 4143 894 4198 ulla
912 4143 983 4213 dies]
1003 4142 1090 4196 Idalie
1109 4143 1306 4197 Lochmoonus
1332 4139 1342 4210 1
1371 4148 1407 4197 22

258 4230 369 4287 uinctae
387 4232 544 4302 11111111
562 4251 596 4288 m.
616 4237 636 4288 2
655 4249 738 4299 cora,
757 4235 793 4286 li:
813 4232 982 4302 1111110120
1003 4233 1070 4286 Erat
1084 4236 1107 4283 11
1121 4232 1410 4302 11111313111311031

258 4324 293 4387 Ε,
312 4337 379 4375 corr.
399 4337 450 4390 mo.
468 4339 502 4374 m.
522 4324 611 4391 21132
632 4320 717 4376 cicius
735 4325 758 4372 V
778 4323 788 4389 11
815 4325 848 4374 35
868 4320 957 4391 possit
975 4325 998 4372 11
1015 4322 1018 4389 1
1035 4321 1142 4375 calores
1160 4319 1328 4374 Beroaldosr
1355 4320 1410 4377 do·

258 4407 331 4461 lores
350 4414 368 4460 0
389 4409 399 4476 11
419 4415 452 4462 36
471 4410 565 4480 uiuus]
585 4409 668 4464 minio
686 4414 720 4478 P,
739 4425 808 4464 corr.
827 4425 877 4480 my.
896 4427 930 4465 m.
950 4415 970 4466 2
