3052 5044
311 331 372 394 110
680 328 876 384 PROPERTII
894 328 962 385 LlB.
982 327 1030 383 Ill.
1049 333 1075 384 4.

442 493 638 557 Adcreeceut
660 491 754 558 Latio
778 491 899 556 Partha
923 495 1058 575 tropaea
1080 490 1159 556 Ioui.

396 599 445 664 Ite
470 600 570 685 agite,
587 587 743 683 ‘expertae
766 599 853 663 bello
878 597 951 663 date
975 599 1078 663 lintea
1100 619 1227 681 prorae,

444 705 488 772 Et
511 706 643 772 solitum
669 706 831 792 Armigeri
854 706 961 770 ducite
983 727 1100 770 munus
1125 726 1233 788 equos.

397 813 515 878 Omina
537 813 648 894 fausta
671 835 764 878 cauo:
789 811 925 878 Crassos
949 811 1138 895 clademque
1161 811 1264 895 piato,

354 937 387 984 10
440 919 490 985 Ite
515 923 548 984 et
569 911 737 985 Romanae
761 919 920 986 consulite
943 918 1108 983 historiae.

397 1027 485 1093 Mare
509 1031 602 1112 pater
625 1031 658 1092 et
681 1048 791 1092 sacrae
814 1026 929 1092 fatalia
951 1025 1076 1090 lumina
1099 1023 1232 1108 Vestae,

441 1134 527 1199 Ante
550 1156 639 1200 meos
662 1134 770 1199 obitus
794 1134 851 1217 sit,
873 1155 1000 1217 precor,
1023 1131 1080 1196 illa
1103 1131 1185 1213 dies,

398 1238 469 1315 Qua
492 1241 621 1307 uideam
645 1240 757 1325 spoliis
781 1244 933 1306 oneratos
958 1237 1106 1305 Caesaris
1131 1259 1221 1321 axes,

368 1377 370 1382 ·
444 1347 495 1412 Ad
520 1348 611 1432 uulgi
634 1347 767 1431 plausus
792 1368 887 1432 saepe
910 1346 1062 1412 resistere
1086 1365 1199 1430 equor,

356 1468 387 1517 15
397 1451 499 1539 Inque
523 1453 596 1518 sinu
619 1475 712 1518 carae
735 1454 831 1519 nixus
855 1456 1001 1538 spectare
1024 1451 1153 1536 puellae

440 1559 599 1644 Incipiam
622 1564 654 1625 ct
676 1560 781 1624 titulis
805 1559 925 1644 oppida
948 1563 1044 1643 capta
1067 1559 1189 1644 legam,

398 1664 477 1730 Tela
499 1666 625 1752 fugacis
649 1667 724 1750 equi
747 1670 780 1730 et
802 1666 945 1730 braccati
968 1665 1082 1730 militis
1105 1685 1198 1729 arcus

440 1772 485 1836 nt
509 1773 621 1838 subter
644 1776 758 1857 captos
782 1795 873 1838 arma
896 1773 1006 1837 sedere
1029 1765 1134 1838 duces.

397 1877 473 1963 Ipsa
495 1883 585 1945 tuam
609 1880 734 1964 prolem
758 1902 866 1964 serua,
888 1878 1014 1945 Venus:
1037 1878 1100 1944 hoc
1124 1880 1167 1944 sit
1189 1879 1222 1942 iu
1246 1898 1379 1960 aeuum,

353 2000 387 2048 20
443 1985 557 2050 Cernis
581 1986 622 2051 ab
645 1987 757 2051 Aenea
780 1986 865 2071 quod
888 2007 1056 2071 superesse
1081 1990 1186 2069 caput.

397 2089 521 2156 Praeda
545 2093 588 2157 sit
609 2093 689 2158 hacc
712 2093 793 2176 illis,
816 2113 952 2178 quorum
976 2113 1121 2157 meruere
1145 2091 1285 2157 labores:

442 2197 495 2262 Me
518 2202 569 2264 sat
592 2200 655 2264 crit
678 2198 777 2265 Sacra
799 2199 954 2284 plaudere
976 2222 1073 2284 posse
1096 2196 1169 2264 Via.

334 2323 386 2402 [V]
396 2321 490 2388 Pacis
514 2322 617 2389 Amor
639 2323 716 2388 deus
740 2327 803 2407 est,
826 2345 939 2407 pacem
962 2345 1154 2388 ueneremur
1177 2325 1337 2387 amantes:

443 2426 503 2494 Sat
525 2429 607 2494 mihi
631 2452 705 2496 cum
729 2429 862 2495 domina
884 2430 1007 2516 praelis
1029 2430 1110 2495 dura
1132 2451 1213 2494 mea

379 2637 447 2694 Vas,
467 2658 541 2697 unce.
575 2640 776 2696 6Adcrcscent
789 2642 902 2710 scripsi:
916 2641 1127 2696 Adsuesccntlt
1140 2641 1337 2696 Assuescento
1353 2639 1451 2694 Adsur·
1498 2677 1499 2694 t

308 2733 376 2798 gent
385 2729 587 2785 Slottoawerus
596 2729 737 2786 Accedent
747 2729 914 2785 Fonter'nr'us
926 2730 929 2798 1
943 2733 1084 2800 partera
1096 2729 1099 2800 1
1111 2731 1211 2800 tropea
1220 2734 1257 2784 u:
1267 2731 1413 2800 tropheao
1440 2733 1452 2779 7

310 2816 375 2871 date
385 2817 460 2873 bello
470 2817 608 2873 liuthear
618 2819 626 2890 1
636 2823 652 2871 8
663 2817 801 2887 Armigeri
811 2820 921 2888 scripsi:
937 2817 1068 2888 armigeri
1078 2819 1162 2888 nalpo
1172 2819 1231 2886 (troc
1239 2825 1265 2874 et
1274 2819 1339 2888 equi
1348 2817 1452 2874 retentis

311 2903 410 2958 discite
424 2906 515 2960 senior
530 2907 631 2959 sumite
645 2906 740 2960 iunior
749 2907 933 2961 Bannannas
942 2905 1048 2961 cludite
1057 2905 1230 2979 occatorem
1246 2924 1333 2976 equos
1346 2905 1452 2975 scripsi:

312 2992 377 3060 equi
396 2997 415 3044 0
434 2995 452 3062 ,1
479 3000 495 3046 9
524 2993 625 3047 Omina
642 2996 678 3047 V:
707 2993 846 3049 Omnian
867 2991 950 3049 Omia
967 2999 1040 3062 Π,
1066 3000 1097 3048 nt
1119 2997 1231 3063 saeptas
1244 3010 1299 3063 pro
1323 2993 1423 3048 Omnia
1447 3008 1450 3060 ι

311 3081 461 3151 cladesque
480 3089 501 3134 n
521 3086 553 3150 (V
571 3082 735 3150 clademque
754 3085 795 3138 ita
814 3090 845 3137 at
863 3084 927 3138 dem
946 3102 979 3139 ex
998 3102 1068 3139 corr.
1086 3086 1132 3154 sit)
1149 3086 1154 3154 Ι
1169 3083 1264 3153 pistae
1282 3085 1333 3152 01
1355 3090 1388 3138 10
1405 3081 1452 3150 yst.

307 3175 328 3223 V
348 3171 421 3240 hyst.
440 3174 465 3222 lt
484 3171 494 3239 1
519 3175 551 3223 13
571 3169 659 3235 Quam
679 3177 700 3222 It
715 3174 737 3221 V
754 3174 758 3239 1
775 3175 889 3226 onerato
901 3203 932 3210 -
944 3187 995 3226 axe
1015 3172 1145 3226 Muretus
1175 3175 1185 3241 1
1214 3178 1247 3225 14
1265 3173 1360 3227 malim
1373 3173 1413 3225 Ac
1428 3187 1451 3221 u.

309 3260 412 3330 plausu
424 3260 434 3328 1
450 3263 483 3313 15
501 3258 581 3312 nixus
600 3276 619 3312 a
636 3259 711 3313 mala
728 3261 933 3328 interpolatoris
946 3278 1031 3314 manre
1045 3277 1100 3315 esse
1113 3261 1238 3329 addam,
1256 3267 1281 3315 et
1295 3266 1365 3316 certe
1377 3274 1451 3314 suum

308 3351 439 3406 obiectum
453 3349 563 3419 ttopitat
575 3348 647 3402 ittet
665 3350 801 3418 spectare,
820 3350 893 3403 ande
911 3348 1021 3404 uinctos
1039 3349 1164 3406 Sterttus
1181 3365 1268 3404 nexos
1284 3349 1322 3403 Η.
1337 3347 1451 3404 Bossclta

307 3454 483 3508 proposuere
502 3437 570 3492 mter
584 3438 742 3506 praeplacet
760 3437 899 3507 exuuiast
915 3444 946 3492 16
962 3438 1061 3493 titulus
1080 3444 1101 3490 r
1119 3445 1180 3493 nr
1197 3442 1202 3507 1
1219 3439 1303 3508 opida
1321 3440 1414 3508 17117
1432 3439 1453 3488 et

311 3533 342 3583 18
362 3533 425 3582 ante
446 3533 478 3581 10
497 3527 607 3582 traiecit
625 3527 734 3581 Kailios
756 3529 766 3596 1
791 3533 823 3581 17
842 3525 987 3581 bracchati
1005 3533 1039 3596 n,
1054 3530 1078 3577 V
1094 3544 1129 3581 m.
1148 3530 1189 3597 11
1211 3533 1242 3582 18
1261 3524 1452 3582 constructioni

309 3621 447 3672 contortae
465 3617 672 3686 repetitionr'pae
689 3617 764 3670 nocis
783 3619 880 3686 captos
899 3618 1026 3685 inpratae
1044 3618 1083 3670 n'e
1100 3633 1229 3670 sucwrre
1243 3616 1377 3687 Captiuas
1396 3613 1450 3668 sub·

310 3709 407 3774 terque
420 3706 431 3773 1
446 3711 478 3759 10
497 3705 605 3776 prolem
625 3720 706 3760 serua
724 3709 757 3758 0:
777 3721 859 3759 serua
876 3705 985 3774 prolem
1003 3708 1027 3755 V
1045 3722 1080 3759 m.
1099 3711 1132 3772 2,
1151 3707 1255 3774 11121,
1274 3710 1308 3758 22
1323 3709 1389 3774 post
1402 3701 1451 3755 Vt

310 3795 527 3862 transponendus
546 3801 630 3864 potat
649 3793 850 3849 Hcimrer'ctr‘ns
875 3797 885 3864 1
912 3801 946 3849 22
966 3795 1011 3849 Me
1031 3799 1063 3850 0:
1083 3793 1122 3848 Mi
1141 3797 1274 3864 slsacra
1292 3798 1315 3845 V
1334 3794 1408 3864 (fort.
1425 3791 1451 3844 in

309 3897 364 3938 ras.
384 3899 417 3937 m.
437 3883 477 3951 1),
497 3885 533 3937 rt:
553 3883 646 3938 media
663 3889 684 3936 0
698 3889 719 3936 r

381 3987 439 4062 [V]
477 3987 563 4045 Nono
580 3989 624 4044 tc
643 3991 674 4044 tn
692 3994 711 4042 0
730 3989 816 4058 clepto
834 4005 895 4043 carn
918 3991 999 4044 titolo
1021 3989 1058 4044 ad
1082 3990 1203 4045 amicam
1226 3989 1340 4057 iratam3
1364 3987 1451 4058 priori

308 4081 514 4136 wntansonnt
534 4079 662 4134 Muretus
686 4083 710 4132 ct
729 4077 865 4148 Scorpo,
890 4079 963 4148 qaod
981 4083 1128 4147 propterea
1148 4079 1234 4147 proto
1253 4077 1325 4146 qaod
1347 4077 1378 4130 r'n
1403 4079 1452 4129 toto

308 4171 391 4224 teias
418 4169 517 4238 elepiue
542 4167 720 4236 dispositrone
743 4173 840 4236 poetae
862 4173 954 4222 nostro
977 4169 1149 4222 obuersatam
1179 4183 1233 4222 esse
1245 4171 1318 4235 puto
1337 4167 1451 4234 primum

313 4257 416 4312 Tiburte
433 4258 545 4327 elepiarn
571 4257 616 4327 (cs.
638 4257 800 4326 praesertin
826 4255 886 4310 Tib.
905 4261 939 4310 49
955 4281 989 4302 ε
1005 4257 1091 4325 Prop.
1110 4255 1149 4309 IV
1168 4262 1216 4324 21,
1248 4255 1307 4309 Tra.
1328 4259 1409 4324 VVsq.
1424 4275 1451 4298 =

313 4343 397 4415 Prop.
415 4345 441 4399 V
460 4348 621 4415 47011111
643 4349 687 4400 est
704 4361 754 4400 orn.
769 4349 790 4396 Ι
805 4361 839 4401 nt.
854 4347 923 4414 112
943 4343 994 4400 Sat
1011 4345 1172 4400 Liatrrer'as:
1192 4344 1274 4400 Stant
1293 4348 1312 4396 0
1331 4361 1365 4398 ea
1383 4345 1451 4413 stt

315 4429 378 4486 Sint
397 4431 562 4488 Fonteirrr'ns
