3052 5044
461 359 657 416 PROPERTII
675 361 742 414 LlB.
761 361 795 415 11.
815 367 858 416 ³3.

215 521 369 590 Mansisti
393 523 532 588 stabulis
556 523 668 588 abdita
690 525 785 608 pasta
808 524 886 588 tuis!

168 629 240 713 An,
262 631 415 714 quoniam
439 635 601 716 agrestem
624 632 765 697 detraxit
789 632 830 696 ab
854 653 909 697 oro
932 632 1071 715 figuram

216 736 377 822 Iuppiter,
399 738 518 802 idcirco
541 737 629 804 facta
652 739 791 822 superba
814 738 874 802 dea
896 737 952 802 es?

120 859 157 908 15
171 842 226 907 An
248 843 311 908 tibi
333 865 401 908 non
424 845 504 909 satis
529 848 579 909 est
600 844 701 910 fuscis
724 845 893 930 Aegyptus
917 844 1078 910 alumnis?

216 946 283 1012 Cur
306 948 367 1013 tibi
390 954 459 1014 tam
482 949 583 1035 longa
605 949 709 1016 Roma
732 952 835 1036 petita
858 952 914 1017 uia
935 951 1009 1016 est?

172 1054 297 1131 Quidue
319 1055 383 1120 tibi
405 1055 538 1140 prodest
560 1058 675 1123 uiduus
699 1058 838 1124 dormire
861 1058 1009 1143 puellas?

217 1159 280 1226 Sed
303 1163 379 1248 tibi,
402 1165 494 1229 crede
517 1163 611 1248 mihi,
634 1185 755 1230 cornua
776 1187 888 1230 rursus
912 1169 1018 1250 erunt,

171 1268 241 1333 Aut
262 1290 322 1333 nos
347 1289 364 1332 o
387 1271 569 1354 nostrate,
595 1292 705 1354 sacua,
728 1269 915 1354 fugabimus
938 1271 1031 1334 urbe:

122 1393 161 1440 20
217 1373 300 1440 Oum
323 1375 432 1440 tiberi
455 1375 533 1442 Nilo
557 1377 664 1461 mutia
685 1377 775 1442 nulla
797 1377 868 1442 fuit.

171 1481 218 1546 At
240 1483 289 1563 tu,
313 1503 395 1566 quae
418 1485 531 1548 nostro
554 1482 691 1548 nimium
714 1487 832 1568 pacata
854 1485 965 1550 dolore
988 1506 1035 1569 cs,

216 1587 377 1653 Noctibus
401 1588 453 1654 his
476 1590 570 1655 uacui
594 1593 643 1654 ter
666 1589 822 1656 faciamus
834 1592 916 1673 iter.

169 1693 249 1760 Non
272 1694 378 1774 audis,
401 1700 434 1759 et
457 1696 557 1760 uerba
580 1696 661 1760 sinis
684 1719 757 1762 mea
779 1697 900 1778 ludere,
926 1721 998 1764 cum
1020 1699 1085 1762 iam

216 1801 365 1867 Flectent
387 1802 484 1867 Icarii
509 1802 613 1868 sidera
634 1803 728 1869 tarda
750 1804 861 1871 boues.

649 1950 666 1989 *
800 1915 802 1921 Α

560 2039 577 2078 s
738 2040 755 2079 s

72 2141 81 2158 ⁸
124 2142 277 2208 atLenta
299 2139 399 2205 bibis:
423 2141 547 2206 mediae
571 2144 736 2226 nequeunt
757 2145 789 2205 te
813 2141 962 2228 frangere
985 2146 1105 2208 noctes.

218 2247 271 2314 An
293 2247 438 2313 nondum
461 2251 512 2313 est
534 2247 620 2312 talos
644 2248 884 2312 mittere'lassa
906 2247 1044 2313 manus?

172 2356 203 2420 A
227 2358 351 2439 pereat,
374 2356 565 2439 quicumque
589 2375 735 2420 meracas
758 2355 901 2440 repperit
922 2375 1019 2438 uuas,

218 2460 432 2548 Oorrupitque
456 2463 559 2526 bonas
582 2465 711 2526 nectare
735 2461 858 2545 primus
882 2462 995 2546 aquas!

171 2569 263 2634 Icare
286 2567 451 2651 Cecropiis
474 2567 590 2632 merito
614 2568 760 2652 iugulate
784 2569 924 2654 colonis,

125 2693 167 2764 30·
219 2675 414 2760 Pampineus
437 2675 525 2740 nosti
548 2696 645 2758 quam
670 2675 714 2739 sit
738 2697 866 2740 amarus
891 2675 979 2740 odor.

173 2781 285 2867 Tuque
309 2804 328 2847 o
351 2781 512 2865 Eurytion
535 2781 611 2846 uiuo
636 2779 795 2846 Oentsure
818 2781 947 2866 peristi,

218 2888 376 2954 Necnon
399 2888 536 2954 Ismario
560 2891 609 2967 tu,
632 2887 842 2972 Polypheme,
867 2910 965 2954 mero.

173 2995 259 3060 Vino
283 2995 389 3060 forma
411 2994 508 3078 perit,
532 2994 609 3059 uino
634 2994 852 3078 corrumpitur
875 2998 979 3076 aetas,

218 3101 305 3167 Vino
329 3123 424 3184 saepe
448 3111 543 3165 suum
565 3089 670 3165 nescit
693 3100 797 3166 amica
820 3102 933 3165 uirum.

125 3207 227 3274 35Me
250 3208 420 3291 miserum,
443 3211 481 3271 ut
503 3206 606 3272 multo
628 3207 711 3272 nihil
734 3211 784 3271 est
806 3209 932 3272 mutata
954 3205 1075 3290 Lyaeo!
1176 3267 1179 3276 .

154 3401 225 3457 Vir.
245 3421 318 3458 uror.
372 3408 404 3455 13
439 3399 572 3454 Mandisti
591 3431 624 3440 -
647 3400 747 3455 arbuta
783 3400 818 3454 A.
851 3397 972 3466 Poimen
1006 3403 1070 3467 post
1101 3399 1231 3455 Mensisti

78 3492 219 3546 Heinsius
246 3492 288 3557 et,
316 3491 514 3544 Lachmannus
541 3491 572 3543 ut
599 3491 748 3555 inseruere;
781 3489 902 3558 equidem
931 3503 985 3556 pro
1012 3488 1110 3543 abdita
1137 3491 1231 3543 malim

78 3581 158 3635 haud
177 3579 221 3633 ita
242 3581 252 3648 ΙΙ
277 3585 309 3632 14
328 3579 433 3648 Iupiter
451 3585 471 3630 r
486 3583 509 3630 u
532 3581 541 3647 ΙΙ
567 3585 599 3633 15
619 3578 729 3647 egiptus
748 3583 769 3628 r
787 3579 796 3647 fl
819 3583 851 3631 16
870 3580 913 3632 est
931 3585 953 3629 0
968 3583 1002 3631 v:
1021 3595 1071 3632 om.
1090 3583 1149 3631 211
1167 3580 1177 3648 Ι]
1199 3585 1231 3632 19

78 3669 244 3740 fugabimus
262 3669 293 3722 in
311 3674 332 3720 F
351 3673 376 3722 et
389 3673 412 3718 V
426 3684 495 3721 corr.
510 3685 544 3722 nu
559 3674 592 3736 2,
611 3673 647 3722 N:
667 3668 827 3738 fugauimus
842 3672 861 3719 0
875 3669 885 3736 i
899 3673 933 3721 20
951 3667 1091 3736 tyberii),
1107 3671 1129 3720 V
1147 3673 1207 3721 nl
1223 3665 1232 3740 Η

78 3766 113 3813 21
134 3757 242 3827 pacata
257 3757 458 3811 Marklandus:
478 3756 593 3824 placata
607 3761 626 3808 0
640 3757 795 3826 implacata
812 3756 946 3810 Heinsius
962 3757 966 3823 Ι
983 3755 1074 3811 dolori
1088 3757 1211 3826 Sculiper
1224 3756 1234 3829 ΙΙ

79 3855 114 3902 22
134 3846 192 3900 hiis
211 3851 232 3898 1²
253 3847 257 3914 Ι
279 3846 456 3914 perficiamus
473 3846 657 3901 Burmannus
671 3847 680 3915 ΙΙ
694 3852 728 3900 24
746 3844 836 3916 ycarii
853 3851 874 3898 1³
892 3849 901 3914 ΙΙ
922 3851 956 3898 25
975 3863 1030 3915 sqq.
1049 3847 1163 3902 clientiis
1180 3848 1233 3900 huc

77 3940 206 3990 inuentos
224 3939 327 4004 statuo,
348 3952 408 3989 eum
427 3935 495 4004 quid
510 3935 644 4005 Cynthiae
662 3935 770 3990 bibosae
788 3935 934 4004 descriptio
952 3935 984 3987 in
1002 3951 1057 3988 ren
1075 3935 1163 4001 faciut
1176 3951 1233 3990 non

77 4026 251 4093 intelieyom3
278 4040 330 4093 quo
351 4040 447 4092 panno
471 4029 575 4093 recepto
598 4025 728 4078 nonnulli
754 4041 801 4078 nu.
821 4025 893 4078 inter
911 4030 945 4077 24
964 4028 989 4076 et
1007 4029 1040 4076 41
1056 4025 1172 4092 periisse
1189 4025 1231 4077 ui·

78 4117 184 4169 dentur
197 4114 206 4182 ΙΙ
221 4119 254 4166 23
273 4113 396 4166 nondum
410 4118 433 4163 V
451 4131 485 4167 n.
505 4119 533 4180 2,
552 4118 588 4166 li:
607 4113 732 4166 nundum
752 4117 770 4164 0
787 4114 791 4181 1
808 4129 837 4167 es
851 4118 872 4166 r
885 4113 895 4182 ΙΙ
909 4119 942 4166 ‘n
962 4111 1006 4164 Ha
1019 4117 1053 4180 F,
1072 4112 1116 4165 Ah
1131 4111 1229 4183 ceteri}

78 4202 231 4256 meraohas
248 4207 269 4254 r
286 4203 291 4270 1
305 4201 414 4272 reperit
430 4207 453 4253 N
467 4203 476 4270 ΙΙ
490 4207 524 4254 29
543 4201 634 4256 Yeare
650 4207 671 4254 1‘
688 4203 692 4268 i
709 4201 810 4270 cicrop.
829 4206 888 4253 FN
906 4204 915 4270 ΙΙ
929 4207 961 4254 31
987 4202 1084 4268 Tuque
1103 4217 1133 4269 o,
1152 4202 1194 4254 itu
1212 4205 1231 4252 0

79 4292 151 4360 (nisi
170 4292 243 4360 quod
261 4307 287 4358 q;
308 4307 323 4345 o
342 4296 363 4343 1²
383 4308 401 4344 u
414 4307 447 4344 na
463 4292 494 4358 2)
514 4292 557 4343 Tu
570 4307 681 4358 quoque
696 4307 711 4345 o
728 4306 745 4348 ς
761 4291 765 4359 Ι
782 4289 881 4344 euritio
900 4295 920 4345 u
940 4288 1043 4342 euricio
1063 4289 1157 4360 Mitt
1176 4289 1233 4342 his·

80 4380 211 4434 marion
230 4379 410 4448 hysmariov
435 4381 439 4448 Ι
463 4378 569 4448 poliph.
589 4384 648 4431 ru
661 4379 671 4447 ΙΙ
684 4385 718 4432 35
737 4378 821 4449 nihil]
841 4382 863 4430 V
881 4396 932 4447 nup.
952 4395 986 4432 ur.
1006 4384 1025 4434 2
1044 4395 1099 4432 nou
1116 4380 1120 4447 1
1137 4396 1166 4433 es
1184 4384 1205 4432 1¹¹
1227 4379 1230 4450 i

82 4469 141 4522 lieo
161 4473 182 4518 F
197 4472 220 4518 N

137 4568 298 4606 Percussurus.
1003 4563 1017 4610 7
