3052 5044
650 321 844 376 PROPERTII
862 321 927 376 LIB.
948 319 982 375 ll.
1002 327 1025 374 6.

816 631 876 702 VI.

364 805 441 873 Non
463 807 511 870 ita
534 807 740 890 complebant
762 807 933 890 Ephyreae
955 805 1073 870 Laidos
1097 805 1205 886 aedes,

411 913 464 978 Ad
487 913 577 977 cuius
601 913 703 978 iacuit
726 913 863 978 Graecia
885 916 956 978 tota
979 913 1079 996 fores,

364 1021 473 1085 Turba
495 1018 710 1084 Menandreae
733 1020 839 1084 fuerat
861 1042 921 1084 nec
945 1019 1087 1083 Thaidos
1112 1019 1189 1082 olim

410 1127 529 1210 Tanta,
553 1127 587 1190 in
612 1149 676 1210 qua
698 1127 838 1211 populus
861 1127 941 1190 lusit
963 1125 1186 1207 Ericthonius,
1300 1189 1303 1192 ,

339 1232 446 1317 allec,
471 1255 552 1318 quae
577 1233 698 1298 deletas
722 1234 830 1317 potuit
853 1255 1045 1316 componere
1070 1231 1210 1314 Thebas,

411 1339 539 1422 Phryne
563 1343 631 1404 tam
654 1341 765 1404 multis
788 1339 876 1404 facta
898 1341 995 1404 beata
1018 1338 1106 1403 uiris.

272 1527 275 1533 .
366 1444 572 1520 Quinetiam
595 1447 695 1511 falsos
719 1447 815 1530 fingis
839 1446 901 1510 tibi
925 1467 1020 1528 saepe
1044 1445 1256 1528 propinquos,

412 1552 530 1617 Oscula
553 1575 612 1616 nec
636 1553 752 1616 desunt
775 1553 829 1635 qui
852 1552 914 1616 tibi
936 1553 1004 1616 iure
1028 1552 1144 1615 ferant.

367 1659 420 1724 Me
444 1660 597 1722 iuuenum
620 1659 726 1742 pictae
749 1657 862 1739 faciae,
887 1681 937 1720 me
961 1654 1265 1733 nominalaedunt,

325 1782 357 1830 10
412 1764 464 1829 Me
487 1768 579 1828 tener
602 1765 637 1827 in
660 1765 749 1829 cunis
773 1767 804 1826 et
829 1765 896 1828 sine
919 1786 999 1828 uoce
1021 1785 1115 1846 puer:

367 1870 419 1934 Me
443 1871 544 1934 laedit
567 1870 595 1934 si
619 1870 724 1934 multa
746 1870 808 1933 tibi
833 1869 921 1933 dedit
945 1869 1056 1934 oscula
1078 1872 1195 1952 mater,
1238 1871 1241 1876 “

413 1975 466 2039 Me
490 1999 583 2042 soror
606 1980 639 2041 et
662 2000 734 2041 cum
758 1999 839 2061 quae
863 1977 983 2041 dormit
1006 1976 1111 2040 amica
1135 1973 1242 2040 simul:

269 2119 272 2126 .
370 2082 487 2148 Omnia
510 2105 561 2146 me
584 2084 729 2158 laedunt:
752 2083 884 2146 timidus
909 2105 980 2146 sum
1004 2078 1150 2166 (ignosce
1173 2077 1296 2166 timori)

413 2189 458 2253 Et
481 2190 578 2253 miser
601 2189 633 2252 in
658 2189 768 2253 tunioa
792 2188 937 2272 suspicor
961 2209 1031 2252 esse
1054 2187 1169 2251 uirum.

326 2313 357 2361 15
370 2296 430 2360 His
455 2297 549 2379 olim,
572 2298 608 2358 ut
630 2295 719 2359 fama
742 2300 806 2378 est,
829 2295 917 2358 uitiis
941 2295 982 2358 ad
1004 2293 1129 2377 praelia
1153 2295 1286 2356 uentum
1311 2296 1379 2356 est:

413 2402 474 2467 His
499 2403 640 2468 Troiana
661 2402 751 2467 uides
775 2403 889 2467 funera
911 2401 1090 2486 principiis.

372 2512 498 2594 Aspera
522 2508 701 2574 Centauros
726 2509 836 2573 eadem
860 2509 1023 2573 dementia
1045 2507 1141 2572 iussit

414 2617 576 2701 Frangere
599 2617 634 2680 in
658 2616 829 2680 aduersum
851 2616 968 2698 pocula
991 2614 1183 2679 Pirithoum.

373 2722 438 2788 Cur
461 2723 609 2806 exempla
631 2727 740 2806 petam
764 2721 921 2786 Graium?
943 2725 979 2785 tu
1003 2722 1147 2786 criminis
1171 2723 1296 2804 auctor,

330 2845 363 2892 20
417 2829 569 2894 Nutritus
593 2829 687 2913 duro,
710 2828 861 2912 Romule,
885 2830 968 2893 lacte
992 2828 1096 2912 lupae.

372 2935 421 2998 Tu
443 2956 557 3017 rapere
580 2936 720 2999 intactas
744 2935 884 2999 docuisti
906 2935 1026 3018 inpune
1051 2933 1202 2999 Sabinas:

415 3039 477 3104 Per
501 3045 533 3104 te
556 3064 641 3105 nunc
665 3042 787 3107 Romae
811 3042 968 3125 quidlibet
991 3043 1088 3106 audet
1112 3042 1220 3106 Amor.

354 3359 423 3414 Van.
443 3377 517 3414 naor.
555 3357 601 3413 Vl.
638 3359 723 3412 Noua
742 3361 826 3428 elepia
844 3376 905 3413 cum
923 3361 1002 3413 titulo
1018 3358 1055 3413 ad
1069 3359 1211 3428 cynthiam
1226 3360 1287 3427 (om.
1301 3360 1335 3424 V)
1350 3360 1382 3412 iu
1397 3357 1436 3428 ⁰ll

285 3456 298 3502 1
319 3449 450 3518 ephireae
469 3455 490 3500 D
504 3450 539 3499 V:
561 3447 719 3516 ephere(a)e
738 3453 759 3499 V
773 3453 796 3498 V
816 3450 849 3516 (V
867 3465 918 3517 my.
937 3466 971 3502 m.
991 3454 1024 3504 2:
1048 3451 1061 3500 1
1079 3448 1210 3517 spherae)
1236 3450 1241 3517 1
1265 3447 1365 3516 laydos
1383 3452 1408 3498 V
1425 3449 1436 3518 11

284 3545 299 3591 2
319 3537 404 3605 fores]
424 3537 510 3606 pedes
528 3544 549 3589 D
564 3540 587 3587 V
600 3538 639 3606 113
658 3535 777 3604 thaydos
796 3540 853 3587 VV
866 3537 906 3605 114
926 3538 1021 3591 Turba
1039 3539 1100 3606 (my.
1116 3539 1146 3589 al
1160 3535 1298 3603 Tantam)
1315 3536 1320 3603 1
1336 3533 1436 3602 iniqua

283 3633 305 3678 n
322 3627 326 3693 1
343 3623 514 3680 ericthonius
532 3632 554 3677 n
568 3629 591 3676 V
605 3629 641 3679 n:
667 3623 818 3678 erictonius
836 3630 857 3676 V
883 3627 893 3695 11
920 3631 935 3679 5
965 3626 1071 3679 deletas
1090 3631 1110 3677 Ε
1128 3641 1163 3678 m.
1182 3630 1215 3692 2,
1234 3628 1258 3675 V
1275 3641 1309 3677 m.
1330 3629 1363 3678 2:
1388 3624 1435 3676 de·

284 3715 371 3767 lectas
390 3719 408 3766 0
429 3713 561 3768 disiectas
580 3714 749 3768 Schradercs
765 3714 769 3785 1
791 3714 869 3767 lebas
888 3719 908 3765 F
927 3716 936 3783 11
955 3721 971 3768 6
990 3714 1100 3783 Phyrne
1118 3718 1178 3765 DN
1196 3711 1307 3785 Phyrnp
1326 3716 1350 3763 V
1368 3711 1435 3764 Phi·

284 3819 390 3856 meram
411 3804 476 3870 (pro
495 3804 563 3871 tam)
582 3807 616 3870 V,
634 3803 705 3856 idem
723 3820 774 3873 my.
794 3801 955 3871 phimeram
982 3804 992 3872 11
1019 3809 1035 3858 8
1062 3817 1097 3856 ue
1121 3801 1220 3855 desunt
1237 3806 1258 3852 V
1277 3802 1341 3868 (neo
1359 3817 1394 3857 m.
1414 3806 1434 3854 2

284 3906 435 3959 suprascr„
455 3891 545 3945 eodem
563 3892 595 3944 ia
608 3907 663 3960 ny.
683 3909 718 3945 ne
737 3890 838 3959 desint)
865 3894 868 3961 1
895 3893 957 3946 iura
974 3896 998 3943 V
1015 3909 1049 3945 m.
1068 3897 1088 3948 2
1115 3892 1125 3960 ΙΙ
1152 3897 1167 3943 9
1187 3889 1273 3944 facies
1291 3888 1368 3958 picte
1386 3895 1407 3940 V
1429 3889 1432 3960 1

284 3979 367 4034 faties
381 3983 405 4029 n
418 3978 428 4046 11
444 3984 476 4032 10
492 3967 625 4048 cunus'r,
640 3996 707 4033 corr.
722 3997 774 4048 mp.
786 3981 793 4050 1
805 3986 836 4033 11
848 3980 935 4034 laedit
945 3995 973 4036 s:
993 3979 1069 4034 ledes
1083 3985 1103 4031 Ε
1117 3997 1152 4036 m.
1167 3985 1182 4032 1
1202 3978 1279 4033 ledet
1291 3984 1312 4029 V
1326 3995 1361 4033 m.
1375 3984 1395 4033 2
1411 3981 1434 4029 n

284 4069 380 4123 laedes
399 4074 420 4120 D
439 4066 552 4140 lpdetV
569 4066 573 4136 Ι
590 4067 668 4121 dedit
685 4072 708 4118 V
722 4085 756 4121 m.
771 4073 804 4123 2:
824 4069 902 4124 dabit
917 4074 948 4136 0;
967 4086 1034 4123 uam
1048 4069 1128 4124 datat
1143 4067 1158 4121 ?
1171 4070 1182 4138 11
1198 4073 1230 4121 12
1249 4083 1321 4135 quae
1335 4067 1434 4120 Dousa

285 4158 373 4224 filias:
394 4173 449 4224 qua
468 4160 486 4207 0
503 4157 508 4224 1
525 4154 629 4209 dormis
647 4157 692 4224 Vll
707 4163 738 4210 13
758 4157 874 4212 laedunt
893 4174 921 4215 ςε
942 4157 1077 4226 l(a)edent
1094 4158 1185 4226 0117
1205 4155 1326 4210 iubsitV
1344 4173 1379 4209 m.
1394 4161 1409 4208 1
1426 4155 1433 4170 ''

272 4235 319 4299 18
339 4245 500 4314 pyrithoum
518 4250 538 4296 Ε
557 4242 718 4313 perithoum
737 4248 832 4296 nnv
855 4247 865 4314 11
891 4252 925 4300 20
944 4245 1012 4300 dure
1030 4250 1051 4296 V
1071 4246 1127 4314 (sed
1145 4261 1160 4299 e
1179 4245 1342 4312 difficillima
1361 4245 1396 4298 ab
1417 4261 1433 4297 o

289 4335 464 4401 dinoscendo)
483 4333 569 4388 durae
589 4349 605 4390 ς
627 4334 637 4402 1Ι
661 4337 693 4385 21
716 4347 816 4401 capere
834 4336 930 4403 raptas
950 4335 1008 4404 (alt.
1029 4351 1047 4402 p
1067 4349 1099 4386 ex
1118 4337 1198 4402 corr.)
1216 4339 1238 4384 V
1256 4350 1290 4388 m.
1310 4338 1326 4386 1
1344 4335 1349 4401 1
1365 4332 1433 4401 imp.

288 4422 418 4489 DVlta
437 4419 549 4490 Perte]
569 4423 1050 4494 Parcerm.11amans1³m.2
