3052 5044
548 339 746 395 PROPERTII
763 339 831 396 LIB.
851 339 884 395 11.
904 345 947 395 20.

299 505 467 570 Ferratam
489 503 619 570 Danaes
643 502 865 586 basiliamque
888 501 1028 567 domum.

255 611 305 676 De
327 614 360 676 te
384 611 608 696 quodcumque
633 611 673 674 ad
698 610 810 674 surdas
834 609 916 674 mihi
940 609 1059 675 dicitur
1081 629 1189 674 aures:

298 719 348 783 Tu
372 718 534 783 modone
558 717 671 782 dubita
694 717 732 781 de
755 717 919 801 probitate
942 738 1023 780 mea.

203 825 337 891 150ssa
359 825 421 890 tibi
444 825 514 908 iuro
537 846 597 908 per
618 823 733 889 matris
756 827 789 887 et
812 845 886 888 ossa
908 827 1043 906 paterna

299 929 348 1016 (si
371 931 465 1015 fallo,
488 932 569 995 cinis
591 931 656 995 heu
679 931 725 997 sit
747 929 827 995 mihi
851 934 985 1015 uterque
1009 928 1147 1015 grauisl)

254 1037 307 1103 Me
330 1037 392 1102 tibi
415 1037 455 1102 ad
480 1042 639 1102 extremas
662 1059 865 1112 mansurum,
888 1036 971 1122 uita,
994 1038 1159 1101 tenebras:

298 1143 422 1209 Ambos
446 1166 511 1208 una
533 1143 612 1208 fides
637 1142 773 1226 auferet,
796 1165 862 1207 una
885 1143 961 1207 dies.

254 1251 347 1328 Quod
370 1251 398 1315 si
421 1272 480 1315 nec
503 1272 622 1315 nomen
644 1271 703 1314 nec
726 1271 778 1314 me
801 1254 859 1314 tua
881 1246 987 1315 for‘ma
1010 1253 1148 1330 teneret,

200 1376 244 1424 20
298 1357 414 1423 Posset
436 1357 607 1422 seruitium
630 1357 710 1421 mite
733 1359 841 1420 tencre
864 1360 966 1421 tuum.

254 1462 415 1548 [Septima
437 1465 503 1527 iam
526 1463 641 1547 plenae
665 1463 832 1527 deducitur
857 1463 965 1528 orbita
987 1464 1099 1548 lunae,

298 1569 381 1635 Cum
405 1569 443 1633 de
466 1589 517 1632 me
541 1572 574 1633 et
597 1567 637 1632 de
661 1567 860 1652 tecompita
881 1569 973 1634 nulla
995 1573 1120 1634 tacent:

254 1677 382 1741 Interea
403 1675 498 1740 nobis
521 1697 587 1740 non
610 1697 764 1759 umquam
787 1674 885 1740 ianua
908 1676 1031 1761 mollis,

244 1845 249 1853 .
297 1782 374 1848 Non
397 1805 551 1866 umquam
574 1783 650 1847 lecti
674 1783 767 1866 copia
789 1782 877 1848 facia
899 1783 971 1864 tui]

200 1891 322 1961 aoNec
346 1890 426 1954 mihi
449 1890 636 1955 muneribus
660 1911 724 1954 nox
748 1890 816 1954 ulla
840 1893 890 1954 est
912 1894 1022 1973 empta
1044 1892 1164 1956 beatis:

298 1997 457 2081 Quicquid
481 2019 582 2080 eram,
606 1997 668 2062 boc
690 1997 790 2061 animi
813 1998 921 2083 gratia
943 2019 1063 2082 magna
1085 1998 1144 2063 tui.

254 2104 335 2170 Oum
357 2110 390 2168 te
413 2106 483 2168 tam
506 2103 601 2168 multi
623 2106 784 2188 peterent,
807 2107 843 2168 tu
866 2125 917 2168 me
940 2125 1005 2168 una
1027 2103 1154 2188 petisti:

296 2210 434 2276 Possum
457 2231 518 2294 ego
541 2213 677 2274 naturae
700 2231 766 2274 nou
789 2211 974 2274 meminisse
997 2209 1097 2274 tuae?

253 2317 335 2382 Tum
358 2339 409 2382 me
432 2316 486 2382 uel
509 2316 652 2402 tragicae
676 2316 799 2381 uexatis
823 2317 979 2401 Erinyes,
1003 2322 1035 2381 et
1057 2338 1109 2382 me

201 2443 242 2491 30
297 2423 428 2489 inferno
452 2423 598 2507 damnes,
621 2422 741 2508 Aeaee,
765 2423 894 2504 iudicio,

253 2530 362 2616 Atque
385 2531 470 2595 inter
493 2529 582 2614 Tityi
605 2529 755 2595 uolucres
779 2553 851 2594 mea
873 2551 979 2614 poena
1001 2534 1151 2615 uagetur,

298 2637 443 2721 Tumque
467 2657 528 2720 ego
552 2635 702 2721 Sisyphio
727 2659 805 2700 saxa
827 2637 939 2702 labore
962 2658 1082 2721 geram.

252 2745 320 2810 Nec
343 2749 380 2809 tu
404 2744 604 2830 supplicibus
627 2765 679 2807 me
703 2743 748 2807 sis
772 2747 926 2808 uenerata
949 2744 1095 2809 tabellis:

296 2851 422 2916 Ultima
444 2850 521 2915 talis
546 2849 609 2913 erit
632 2870 713 2933 quae
736 2871 809 2914 mea
832 2851 939 2934 prima
961 2850 1049 2916 fides.

202 2976 240 3024 35
252 2957 321 3023 Hoc
346 2957 427 3021 mihi
449 2959 604 3040 perpetuo
628 2956 678 3020 ius
702 2961 764 3038 est,
788 2956 874 3040 quod
897 2957 985 3021 solus
1009 2961 1135 3022 amator

295 3064 365 3130 Nec
389 3064 453 3129 cito
478 3063 597 3127 desisto
621 3084 680 3126 nec
702 3065 823 3126 temere
845 3062 974 3146 incipio.

234 3276 300 3331 Vsa
321 3293 396 3329 enon.
435 3280 468 3328 12
481 3274 631 3327 Feriatur
647 3275 652 3341 1
668 3273 879 3342 transiliamque
893 3279 916 3326 V
930 3291 981 3343 neq.
996 3291 1030 3329 m.
1045 3281 1078 3330 2:
1097 3277 1155 3330 stas
1173 3276 1308 3347 iliamque

147 3393 175 3439 1)
187 3389 213 3436 F
225 3382 417 3450 stasiliamque
427 3385 451 3433 11
460 3385 483 3432 V
498 3385 541 3450 (en
554 3356 645 3448 risu.)
659 3381 668 3448 l
685 3386 716 3434 14
735 3380 877 3449 probitate
895 3381 1090 3434 Bnnnannns:
1110 3384 1251 3450 grauitate
1266 3389 1285 3436 0
1300 3385 1308 3455 11

153 3480 193 3527 15
214 3474 333 3541 paterna
351 3471 523 3538 Hoenfftins:
543 3468 666 3538 parentis
686 3469 728 3537 011
749 3476 781 3524 16
800 3468 872 3523 falso
891 3475 915 3522 V
933 3487 967 3522 m.
986 3475 1002 3522 1
1020 3470 1024 3536 1
1040 3469 1096 3523 heu
1114 3475 1307 3539 snppnnxitr

152 3581 193 3617 ne.
217 3566 237 3615 2
260 3562 270 3630 1
293 3566 325 3614 19
346 3559 419 3623 Quid
436 3565 457 3612 11
472 3563 495 3610 V
518 3560 528 3628 l
551 3564 585 3613 20
603 3557 718 3612 Possem
736 3565 758 3610 0
773 3562 796 3609 V
815 3559 857 3626 (in
874 3559 923 3624 boe
941 3574 1010 3612 corr.
1029 3575 1061 3612 n.
1080 3560 1111 3627 2)
1134 3561 1138 3627 1
1160 3559 1241 3629 mitte
1260 3567 1281 3613 r
1299 3561 1308 3634 11

154 3656 269 3706 21-24
295 3651 360 3704 hine
378 3649 559 3703 alienissimos
577 3648 679 3701 inclusi
700 3663 757 3701 non
775 3652 807 3700 nt
824 3649 1014 3716 interpolator,
1040 3648 1098 3700 sed·
1109 3652 1139 3700 nt
1161 3649 1232 3714 falso
1252 3651 1308 3705 loeo

154 3743 295 3796 somnies:
313 3739 429 3804 sortasse
447 3741 511 3791 ante
529 3742 572 3804 21,
594 3743 606 3788 1
627 3737 763 3804 ponendi;
789 3741 904 3789 ceteram
922 3741 973 3803 23,
993 3739 1031 3790 24
1049 3737 1153 3792 delebat
1171 3738 1282 3793 Keilins
1299 3739 1308 3811 11

154 3837 193 3885 23
220 3845 276 3882 non
293 3833 417 3894 m'rquam
435 3831 456 3877 V
476 3827 509 3894 (V
527 3843 561 3880 m.
580 3827 612 3895 2)
639 3826 649 3894 11
676 3831 710 3879 24
727 3842 784 3879 non
802 3830 926 3893 nuquam
944 3830 965 3876 r
984 3826 1138 3895 (nunquam
1155 3830 1178 3877 V
1196 3844 1230 3880 m.
1249 3829 1280 3896 2)
1299 3827 1308 3898 11

155 3923 195 3973 25
218 3918 284 3986 epta
301 3921 325 3967 V
334 3915 344 3987 11
353 3921 387 3970 27
397 3916 426 3969 te
437 3931 481 3982 me
490 3917 550 3968 tam
560 3920 580 3966 V
590 3913 599 3986 11
609 3920 642 3968 28
657 3913 764 3968 Possim
780 3914 903 3984 Genyetns
919 3916 922 3980 1
940 3931 1011 3984 egon
1025 3921 1056 3969 a!
1077 3933 1159 3970 curae
1173 3915 1308 3970 Heinsius

155 4007 289 4062 fortunae
308 4005 491 4058 Brnmannns
508 4004 668 4073 seniorum
688 4002 807 4057 eriniens
827 4003 926 4072 (altere
944 4021 968 4056 n·
981 4006 1147 4072 snppnneta)
1166 4009 1187 4055 V
1206 4004 1307 4057 erinies

154 4101 181 4149 11
202 4093 352 4163 herynides
370 4101 392 4145 11
411 4094 539 4162 erynides
557 4098 580 4145 V
599 4094 608 4162 1
627 4100 660 4148 30
680 4095 765 4147 sache
783 4095 816 4158 (h
836 4110 975 4162 snppnnn.
995 4111 1028 4147 en.
1049 4095 1078 4162 2)
1096 4098 1119 4145 V
1133 4095 1142 4163 11
1156 4099 1189 4147 31
1208 4093 1269 4147 tieii
1288 4097 1307 4146 0

154 4182 231 4255 tycii
248 4188 271 4235 11
301 4187 305 4252 1
334 4199 425 4253 poena
448 4199 497 4238 om.
517 4187 551 4251 1²,
570 4184 633 4237 add.
657 4199 709 4250 inp.
735 4199 770 4237 m.
789 4188 808 4238 2
835 4183 846 4251 11
872 4188 906 4236 32
935 4181 1066 4250 sysipheo
1085 4187 1143 4233 rx
1163 4183 1219 4252 (sed
1237 4183 1269 4235 in
1287 4187 1307 4233 V

122 4328 134 4340 ,
151 4274 240 4344 prior
258 4291 271 4326 s
290 4290 308 4327 a
326 4289 359 4326 ne.
375 4275 395 4326 2
414 4273 489 4340 add.)
503 4272 560 4340 133
581 4270 753 4340 simplicibus
766 4276 787 4322 V
800 4287 835 4325 m.
850 4276 866 4324 1
883 4273 888 4340 1
903 4271 1037 4324 uenerata
1055 4271 1171 4323 nimiam
1185 4275 1210 4324 et
1218 4287 1308 4339 paene

153 4362 323 4427 ridienlnm3
341 4361 457 4427 sortasse
475 4360 578 4415 uenata
592 4361 650 4414 coil.
669 4359 750 4414 Onid.
765 4378 790 4414 a.
806 4376 831 4413 a.
852 4358 912 4412 189
927 4360 983 4429 1136
1002 4357 1046 4412 ius
1065 4359 1108 4412 est
1126 4359 1308 4428 depretiatam

153 4451 286 4517 uideam
305 4466 372 4504 nnn
390 4448 488 4503 laudes
507 4450 552 4519 (=
562 4448 703 4517 laudabis)
718 4447 733 4502 .2
