<?xml version="1.0" encoding="UTF-8"?>
<!DOCTYPE html PUBLIC "-//W3C//DTD XHTML 1.0 Transitional//EN"
    "http://www.w3.org/TR/xhtml1/DTD/xhtml1-transitional.dtd">
<html xmlns="http://www.w3.org/1999/xhtml" xml:lang="en" lang="en">
 <head>
  <title>
</title>
<meta http-equiv="Content-Type" content="text/html;charset=utf-8" />
  <meta name='ocr-system' content='tesseract 3.04.00' />
  <meta name='ocr-capabilities' content='ocr_page ocr_carea ocr_par ocr_line ocrx_word'/>
</head>
<body>
  <div class='ocr_page' id='page_1' title='image "./elegiarumlibrii00propgoog_0146.png"; bbox 0 0 3052 5044; ppageno 0'>
   <div class='ocr_carea' id='block_1_1' title="bbox 481 271 877 332">
    <p class='ocr_par' dir='ltr' id='par_1_1' title="bbox 481 271 877 332">
     <span class='ocr_line' id='line_1_1' title="bbox 481 271 877 332; baseline 0.01 -4"><span class='ocrx_word' id='word_1_1' title='bbox 481 271 677 329; x_wconf 80' lang='lat' dir='ltr'>PROPERTII</span> <span class='ocrx_word' id='word_1_2' title='bbox 696 275 762 330; x_wconf 87' lang='lat' dir='ltr'>LIB.</span> <span class='ocrx_word' id='word_1_3' title='bbox 782 277 815 330; x_wconf 91' lang='grc'>11.</span> <span class='ocrx_word' id='word_1_4' title='bbox 836 283 877 332; x_wconf 84' lang='grc'>28.</span> 
     </span>
    </p>
   </div>
   <div class='ocr_carea' id='block_1_2' title="bbox 582 565 745 680">
    <p class='ocr_par' dir='ltr' id='par_1_2' title="bbox 582 565 745 680">
     <span class='ocr_line' id='line_1_2' title="bbox 582 565 745 680; baseline 0.012 -44"><span class='ocrx_word' id='word_1_5' title='bbox 582 565 745 680; x_wconf 73' lang='lat' dir='ltr'>XXVIII.</span> 
     </span>
    </p>
   </div>
   <div class='ocr_carea' id='block_1_3' title="bbox 133 721 1162 3095">
    <p class='ocr_par' dir='ltr' id='par_1_3' title="bbox 133 721 1162 3095">
     <span class='ocr_line' id='line_1_3' title="bbox 180 721 993 806; baseline -0.001 -20"><span class='ocrx_word' id='word_1_6' title='bbox 180 722 341 804; x_wconf 72' lang='lat' dir='ltr'>Iuppiier,</span> <span class='ocrx_word' id='word_1_7' title='bbox 366 721 500 785; x_wconf 75' lang='lat' dir='ltr'>affectae</span> <span class='ocrx_word' id='word_1_8' title='bbox 522 721 654 785; x_wconf 77' lang='lat' dir='ltr'>tandem</span> <span class='ocrx_word' id='word_1_9' title='bbox 678 723 830 787; x_wconf 85' lang='lat' dir='ltr'>miserere</span> <span class='ocrx_word' id='word_1_10' title='bbox 853 724 993 806; x_wconf 84' lang='lat' dir='ltr'>puellae:</span> 
     </span>
     <span class='ocr_line' id='line_1_4' title="bbox 226 827 982 895; baseline 0.007 -5"><span class='ocrx_word' id='word_1_11' title='bbox 226 827 307 891; x_wconf 83' lang='lat' dir='ltr'>&#39;Iam</span> <span class='ocrx_word' id='word_1_12' title='bbox 330 829 474 893; x_wconf 85' lang='lat' dir='ltr'>formosa</span> <span class='ocrx_word' id='word_1_13' title='bbox 497 833 590 894; x_wconf 79' lang='lat' dir='ltr'>tuum</span> <span class='ocrx_word' id='word_1_14' title='bbox 613 831 742 893; x_wconf 74' lang='lat' dir='ltr'>mortua</span> <span class='ocrx_word' id='word_1_15' title='bbox 765 830 886 894; x_wconf 81' lang='lat' dir='ltr'>crimen</span> <span class='ocrx_word' id='word_1_16' title='bbox 909 830 982 895; x_wconf 78' lang='lat' dir='ltr'>erit.</span> 
     </span>
     <span class='ocr_line' id='line_1_5' title="bbox 558 981 674 1033; baseline 0 0"><span class='ocrx_word' id='word_1_17' title='bbox 558 981 560 986; x_wconf 87' lang='lat'>&#39;</span> <span class='ocrx_word' id='word_1_18' title='bbox 655 995 674 1033; x_wconf 71' lang='lat' dir='ltr'>e</span> 
     </span>
     <span class='ocr_line' id='line_1_6' title="bbox 568 1083 763 1123; baseline 0.005 -1"><span class='ocrx_word' id='word_1_19' title='bbox 568 1083 585 1122; x_wconf 68' lang='lat' dir='ltr'>s</span> <span class='ocrx_word' id='word_1_20' title='bbox 745 1085 763 1123; x_wconf 74' lang='lat' dir='ltr'>s</span> 
     </span>
     <span class='ocr_line' id='line_1_7' title="bbox 180 1201 1148 1286; baseline -0.004 -20"><span class='ocrx_word' id='word_1_21' title='bbox 180 1201 282 1266; x_wconf 79' lang='lat' dir='ltr'>Venit</span> <span class='ocrx_word' id='word_1_22' title='bbox 304 1202 389 1266; x_wconf 90' lang='lat' dir='ltr'>enim</span> <span class='ocrx_word' id='word_1_23' title='bbox 412 1205 553 1285; x_wconf 76' lang='lat' dir='ltr'>tempus,</span> <span class='ocrx_word' id='word_1_24' title='bbox 577 1224 640 1286; x_wconf 92' lang='lat' dir='ltr'>quo</span> <span class='ocrx_word' id='word_1_25' title='bbox 663 1203 805 1268; x_wconf 72' lang='lat' dir='ltr'>horridus</span> <span class='ocrx_word' id='word_1_26' title='bbox 829 1205 957 1268; x_wconf 75' lang='lat' dir='ltr'>ecstasi</span> <span class='ocrx_word' id='word_1_27' title='bbox 980 1224 1047 1286; x_wconf 87' lang='lat' dir='ltr'>aer,</span> <span class='ocrx_word' id='word_1_28' title='bbox 1147 1257 1148 1262; x_wconf 73' lang='grc'>,</span> 
     </span>
     <span class='ocr_line' id='line_1_8' title="bbox 224 1308 885 1392; baseline 0.003 -21"><span class='ocrx_word' id='word_1_29' title='bbox 224 1308 343 1392; x_wconf 74' lang='lat' dir='ltr'>Incipit</span> <span class='ocrx_word' id='word_1_30' title='bbox 366 1311 399 1372; x_wconf 75' lang='lat' dir='ltr'>eh</span> <span class='ocrx_word' id='word_1_31' title='bbox 421 1309 507 1372; x_wconf 88' lang='lat' dir='ltr'>sicco</span> <span class='ocrx_word' id='word_1_32' title='bbox 530 1309 655 1373; x_wconf 85' lang='lat' dir='ltr'>feruere</span> <span class='ocrx_word' id='word_1_33' title='bbox 678 1313 766 1374; x_wconf 75' lang='lat' dir='ltr'>terra</span> <span class='ocrx_word' id='word_1_34' title='bbox 789 1309 885 1376; x_wconf 73' lang='lat' dir='ltr'>(Iane.</span> 
     </span>
     <span class='ocr_line' id='line_1_9' title="bbox 154 1412 1162 1501; baseline 0 -23"><span class='ocrx_word' id='word_1_35' title='bbox 154 1412 244 1479; x_wconf 79' lang='lat' dir='ltr'>oSed</span> <span class='ocrx_word' id='word_1_36' title='bbox 266 1438 333 1480; x_wconf 91' lang='lat' dir='ltr'>non</span> <span class='ocrx_word' id='word_1_37' title='bbox 355 1419 423 1479; x_wconf 76' lang='lat' dir='ltr'>tam</span> <span class='ocrx_word' id='word_1_38' title='bbox 446 1415 570 1480; x_wconf 82' lang='lat' dir='ltr'>ardoris</span> <span class='ocrx_word' id='word_1_39' title='bbox 594 1417 689 1500; x_wconf 85' lang='lat' dir='ltr'>culpa</span> <span class='ocrx_word' id='word_1_40' title='bbox 711 1420 761 1481; x_wconf 76' lang='lat' dir='ltr'>esi</span> <span class='ocrx_word' id='word_1_41' title='bbox 783 1438 886 1501; x_wconf 89' lang='lat' dir='ltr'>neque</span> <span class='ocrx_word' id='word_1_42' title='bbox 910 1416 1047 1481; x_wconf 89' lang='lat' dir='ltr'>crimina</span> <span class='ocrx_word' id='word_1_43' title='bbox 1068 1415 1162 1499; x_wconf 87' lang='lat' dir='ltr'>caeli,</span> 
     </span>
     <span class='ocr_line' id='line_1_10' title="bbox 224 1520 1001 1597; baseline 0 -12"><span class='ocrx_word' id='word_1_44' title='bbox 224 1520 327 1597; x_wconf 82' lang='lat' dir='ltr'>Quam</span> <span class='ocrx_word' id='word_1_45' title='bbox 349 1522 471 1586; x_wconf 75' lang='lat' dir='ltr'>totiens</span> <span class='ocrx_word' id='word_1_46' title='bbox 495 1527 625 1588; x_wconf 76' lang='lat' dir='ltr'>sanctos</span> <span class='ocrx_word' id='word_1_47' title='bbox 648 1545 716 1587; x_wconf 90' lang='lat' dir='ltr'>non</span> <span class='ocrx_word' id='word_1_48' title='bbox 738 1522 892 1588; x_wconf 79' lang='lat' dir='ltr'><strong>habuisse</strong></span> <span class='ocrx_word' id='word_1_49' title='bbox 916 1522 1001 1586; x_wconf 89' lang='lat' dir='ltr'>deos.</span> 
     </span>
     <span class='ocr_line' id='line_1_11' title="bbox 179 1627 1076 1712; baseline 0.001 -21"><span class='ocrx_word' id='word_1_50' title='bbox 179 1628 250 1693; x_wconf 92' lang='lat' dir='ltr'>Hoc</span> <span class='ocrx_word' id='word_1_51' title='bbox 273 1627 378 1712; x_wconf 70' lang='lat' dir='ltr'>perdit</span> <span class='ocrx_word' id='word_1_52' title='bbox 401 1629 550 1712; x_wconf 88' lang='lat' dir='ltr'>miseras,</span> <span class='ocrx_word' id='word_1_53' title='bbox 573 1629 635 1693; x_wconf 94' lang='lat' dir='ltr'>hoc</span> <span class='ocrx_word' id='word_1_54' title='bbox 659 1629 801 1712; x_wconf 77' lang='lat' dir='ltr'><strong>perdidit</strong></span> <span class='ocrx_word' id='word_1_55' title='bbox 824 1632 911 1712; x_wconf 72' lang='lat' dir='ltr'>ante,</span> <span class='ocrx_word' id='word_1_56' title='bbox 936 1627 1076 1711; x_wconf 89' lang='lat' dir='ltr'>puellas:</span> 
     </span>
     <span class='ocr_line' id='line_1_12' title="bbox 223 1733 988 1818; baseline 0 -21"><span class='ocrx_word' id='word_1_57' title='bbox 223 1733 382 1818; x_wconf 80' lang='lat' dir='ltr'><strong>Quicquid</strong></span> <span class='ocrx_word' id='word_1_58' title='bbox 405 1735 566 1817; x_wconf 74' lang='lat' dir='ltr'>iurarunt,</span> <span class='ocrx_word' id='word_1_59' title='bbox 588 1737 705 1798; x_wconf 75' lang='lat' dir='ltr'>uenias</span> <span class='ocrx_word' id='word_1_60' title='bbox 728 1736 762 1798; x_wconf 77' lang='lat' dir='ltr'>et</span> <span class='ocrx_word' id='word_1_61' title='bbox 784 1735 870 1799; x_wconf 87' lang='lat' dir='ltr'>unda</span> <span class='ocrx_word' id='word_1_62' title='bbox 893 1735 988 1817; x_wconf 79' lang='lat' dir='ltr'>rapit.</span> 
     </span>
     <span class='ocr_line' id='line_1_13' title="bbox 180 1840 1111 1926; baseline 0 -22"><span class='ocrx_word' id='word_1_63' title='bbox 180 1840 267 1904; x_wconf 90' lang='lat' dir='ltr'>Num</span> <span class='ocrx_word' id='word_1_64' title='bbox 290 1840 354 1904; x_wconf 83' lang='lat' dir='ltr'><strong>sibi</strong></span> <span class='ocrx_word' id='word_1_65' title='bbox 377 1840 531 1905; x_wconf 81' lang='lat' dir='ltr'>collatam</span> <span class='ocrx_word' id='word_1_66' title='bbox 555 1841 659 1905; x_wconf 75' lang='lat' dir='ltr'>doluih</span> <span class='ocrx_word' id='word_1_67' title='bbox 681 1840 793 1905; x_wconf 85' lang='lat' dir='ltr'>Venus</span> <span class='ocrx_word' id='word_1_68' title='bbox 817 1842 890 1924; x_wconf 88' lang='lat' dir='ltr'>ipsa</span> <span class='ocrx_word' id='word_1_69' title='bbox 913 1841 1111 1926; x_wconf 79' lang='lat' dir='ltr'>paremque?</span> 
     </span>
     <span class='ocr_line' id='line_1_14' title="bbox 135 1946 894 2014; baseline 0 -3"><span class='ocrx_word' id='word_1_70' title='bbox 135 1965 169 2012; x_wconf 91' lang='lat'>10</span> <span class='ocrx_word' id='word_1_71' title='bbox 225 1946 306 2010; x_wconf 82' lang='lat' dir='ltr'>Prae</span> <span class='ocrx_word' id='word_1_72' title='bbox 331 1968 365 2010; x_wconf 87' lang='lat' dir='ltr'>se</span> <span class='ocrx_word' id='word_1_73' title='bbox 388 1947 541 2012; x_wconf 86' lang='lat' dir='ltr'>formosis</span> <span class='ocrx_word' id='word_1_74' title='bbox 565 1948 727 2014; x_wconf 83' lang='lat' dir='ltr'>inuidiosa</span> <span class='ocrx_word' id='word_1_75' title='bbox 750 1947 810 2011; x_wconf 87' lang='lat' dir='ltr'>dea</span> <span class='ocrx_word' id='word_1_76' title='bbox 836 1955 894 2012; x_wconf 80' lang='lat' dir='ltr'>est.</span> 
     </span>
     <span class='ocr_line' id='line_1_15' title="bbox 179 2051 1023 2138; baseline 0.004 -23"><span class='ocrx_word' id='word_1_77' title='bbox 179 2051 232 2116; x_wconf 88' lang='lat' dir='ltr'>An</span> <span class='ocrx_word' id='word_1_78' title='bbox 256 2055 443 2137; x_wconf 75' lang='lat' dir='ltr'>contempte</span> <span class='ocrx_word' id='word_1_79' title='bbox 466 2054 526 2118; x_wconf 76' lang='lat' dir='ltr'>tibi</span> <span class='ocrx_word' id='word_1_80' title='bbox 549 2055 682 2119; x_wconf 88' lang='lat' dir='ltr'>Iunonis</span> <span class='ocrx_word' id='word_1_81' title='bbox 705 2055 828 2137; x_wconf 83' lang='lat' dir='ltr'>templa</span> <span class='ocrx_word' id='word_1_82' title='bbox 850 2053 1023 2138; x_wconf 75' lang='lat' dir='ltr'>Pelasgae,</span> 
     </span>
     <span class='ocr_line' id='line_1_16' title="bbox 223 2159 973 2245; baseline 0.001 -23"><span class='ocrx_word' id='word_1_83' title='bbox 223 2159 364 2223; x_wconf 86' lang='lat' dir='ltr'>Palladis</span> <span class='ocrx_word' id='word_1_84' title='bbox 388 2162 445 2224; x_wconf 77' lang='lat' dir='ltr'>aut</span> <span class='ocrx_word' id='word_1_85' title='bbox 468 2161 576 2225; x_wconf 91' lang='lat' dir='ltr'>oculos</span> <span class='ocrx_word' id='word_1_86' title='bbox 601 2183 681 2225; x_wconf 88' lang='lat' dir='ltr'>ausa</span> <span class='ocrx_word' id='word_1_87' title='bbox 703 2181 823 2245; x_wconf 82' lang='lat' dir='ltr'>negare</span> <span class='ocrx_word' id='word_1_88' title='bbox 846 2161 973 2224; x_wconf 79' lang='lat' dir='ltr'>bonos?</span> 
     </span>
     <span class='ocr_line' id='line_1_17' title="bbox 178 2264 1043 2349; baseline 0 -19"><span class='ocrx_word' id='word_1_89' title='bbox 178 2264 324 2349; x_wconf 85' lang='lat' dir='ltr'>Semper,</span> <span class='ocrx_word' id='word_1_90' title='bbox 347 2266 523 2345; x_wconf 77' lang='lat' dir='ltr'>formosae,</span> <span class='ocrx_word' id='word_1_91' title='bbox 547 2288 613 2331; x_wconf 89' lang='lat' dir='ltr'>non</span> <span class='ocrx_word' id='word_1_92' title='bbox 636 2267 741 2330; x_wconf 74' lang='lat' dir='ltr'>nostis</span> <span class='ocrx_word' id='word_1_93' title='bbox 764 2275 897 2349; x_wconf 77' lang='lat' dir='ltr'>parcere</span> <span class='ocrx_word' id='word_1_94' title='bbox 921 2266 1043 2330; x_wconf 88' lang='lat' dir='ltr'>uerbis:</span> 
     </span>
     <span class='ocr_line' id='line_1_18' title="bbox 222 2372 1088 2458; baseline 0.002 -22"><span class='ocrx_word' id='word_1_95' title='bbox 222 2372 293 2436; x_wconf 93' lang='lat' dir='ltr'>Hoc</span> <span class='ocrx_word' id='word_1_96' title='bbox 315 2374 376 2437; x_wconf 75' lang='lat' dir='ltr'>sibi</span> <span class='ocrx_word' id='word_1_97' title='bbox 400 2374 513 2458; x_wconf 81' lang='lat' dir='ltr'>lingue</span> <span class='ocrx_word' id='word_1_98' title='bbox 536 2395 669 2457; x_wconf 87' lang='lat' dir='ltr'>nocens,</span> <span class='ocrx_word' id='word_1_99' title='bbox 692 2374 753 2438; x_wconf 93' lang='lat' dir='ltr'>hoc</span> <span class='ocrx_word' id='word_1_100' title='bbox 776 2374 837 2437; x_wconf 74' lang='lat' dir='ltr'>sibi</span> <span class='ocrx_word' id='word_1_101' title='bbox 860 2373 968 2437; x_wconf 81' lang='lat' dir='ltr'>forma</span> <span class='ocrx_word' id='word_1_102' title='bbox 992 2373 1088 2438; x_wconf 75' lang='lat' dir='ltr'>dedit.</span> 
     </span>
     <span class='ocr_line' id='line_1_19' title="bbox 133 2477 963 2563; baseline 0 -21"><span class='ocrx_word' id='word_1_103' title='bbox 133 2496 166 2542; x_wconf 78' lang='lat'>15</span> <span class='ocrx_word' id='word_1_104' title='bbox 178 2477 240 2543; x_wconf 85' lang='lat' dir='ltr'>Sed</span> <span class='ocrx_word' id='word_1_105' title='bbox 263 2479 325 2543; x_wconf 76' lang='lat' dir='ltr'><strong>tibi</strong></span> <span class='ocrx_word' id='word_1_106' title='bbox 347 2487 481 2544; x_wconf 80' lang='lat' dir='ltr'>uexatae</span> <span class='ocrx_word' id='word_1_107' title='bbox 504 2480 688 2563; x_wconf 78' lang='lat' dir='ltr'>permulta</span> <span class='ocrx_word' id='word_1_108' title='bbox 711 2479 854 2562; x_wconf 87' lang='lat' dir='ltr'>pericula</span> <span class='ocrx_word' id='word_1_109' title='bbox 877 2479 963 2543; x_wconf 78' lang='lat' dir='ltr'>uiiae</span> 
     </span>
     <span class='ocr_line' id='line_1_20' title="bbox 225 2584 854 2651; baseline 0 -3"><span class='ocrx_word' id='word_1_110' title='bbox 225 2584 380 2649; x_wconf 81' lang='lat' dir='ltr'>Extremo</span> <span class='ocrx_word' id='word_1_111' title='bbox 404 2586 514 2650; x_wconf 79' lang='lat' dir='ltr'>ueniet</span> <span class='ocrx_word' id='word_1_112' title='bbox 538 2586 667 2651; x_wconf 90' lang='lat' dir='ltr'>mollior</span> <span class='ocrx_word' id='word_1_113' title='bbox 690 2585 772 2650; x_wconf 89' lang='lat' dir='ltr'>hora</span> <span class='ocrx_word' id='word_1_114' title='bbox 794 2585 854 2649; x_wconf 92' lang='lat' dir='ltr'>die.</span> 
     </span>
     <span class='ocr_line' id='line_1_21' title="bbox 177 2691 1005 2775; baseline 0.001 -21"><span class='ocrx_word' id='word_1_115' title='bbox 177 2691 213 2755; x_wconf 95' lang='grc' dir='ltr'>Ιο</span> <span class='ocrx_word' id='word_1_116' title='bbox 237 2714 333 2756; x_wconf 85' lang='lat' dir='ltr'>uersa</span> <span class='ocrx_word' id='word_1_117' title='bbox 356 2696 454 2774; x_wconf 76' lang='lat' dir='ltr'>caput</span> <span class='ocrx_word' id='word_1_118' title='bbox 476 2693 599 2774; x_wconf 89' lang='lat' dir='ltr'>primos</span> <span class='ocrx_word' id='word_1_119' title='bbox 623 2691 806 2775; x_wconf 73' lang='lat' dir='ltr'>mugiuerah</span> <span class='ocrx_word' id='word_1_120' title='bbox 828 2713 945 2755; x_wconf 87' lang='lat' dir='ltr'>annos:</span> <span class='ocrx_word' id='word_1_121' title='bbox 1002 2759 1005 2767; x_wconf 62' lang='grc'>,</span> 
     </span>
     <span class='ocr_line' id='line_1_22' title="bbox 220 2795 1002 2884; baseline -0.001 -22"><span class='ocrx_word' id='word_1_122' title='bbox 220 2797 315 2863; x_wconf 91' lang='lat' dir='ltr'>Nunc</span> <span class='ocrx_word' id='word_1_123' title='bbox 339 2799 411 2882; x_wconf 85' lang='lat' dir='ltr'>dea,</span> <span class='ocrx_word' id='word_1_124' title='bbox 436 2820 517 2884; x_wconf 86' lang='lat' dir='ltr'>quae</span> <span class='ocrx_word' id='word_1_125' title='bbox 540 2795 609 2862; x_wconf 89' lang='lat' dir='ltr'><strong>Nili</strong></span> <span class='ocrx_word' id='word_1_126' title='bbox 632 2798 766 2862; x_wconf 89' lang='lat' dir='ltr'>flumina</span> <span class='ocrx_word' id='word_1_127' title='bbox 789 2819 888 2862; x_wconf 90' lang='lat' dir='ltr'>uacca</span> <span class='ocrx_word' id='word_1_128' title='bbox 911 2797 1002 2862; x_wconf 75' lang='lat' dir='ltr'>bibit.</span> 
     </span>
     <span class='ocr_line' id='line_1_23' title="bbox 177 2904 963 2989; baseline 0 -21"><span class='ocrx_word' id='word_1_129' title='bbox 177 2904 235 2968; x_wconf 94' lang='lat' dir='ltr'>Ino</span> <span class='ocrx_word' id='word_1_130' title='bbox 260 2905 358 2969; x_wconf 73' lang='lat' dir='ltr'>eiiam</span> <span class='ocrx_word' id='word_1_131' title='bbox 381 2905 486 2989; x_wconf 88' lang='lat' dir='ltr'>prima</span> <span class='ocrx_word' id='word_1_132' title='bbox 509 2905 603 2968; x_wconf 80' lang='lat' dir='ltr'>terris</span> <span class='ocrx_word' id='word_1_133' title='bbox 628 2908 734 2969; x_wconf 81' lang='lat' dir='ltr'>aetate</span> <span class='ocrx_word' id='word_1_134' title='bbox 758 2907 878 2989; x_wconf 76' lang='lat' dir='ltr'>uagata</span> <span class='ocrx_word' id='word_1_135' title='bbox 902 2907 963 2968; x_wconf 72' lang='lat' dir='ltr'>est:</span> 
     </span>
     <span class='ocr_line' id='line_1_24' title="bbox 133 3009 974 3095; baseline 0.001 -22"><span class='ocrx_word' id='word_1_136' title='bbox 133 3026 165 3073; x_wconf 85' lang='grc' dir='ltr'>2ο</span> <span class='ocrx_word' id='word_1_137' title='bbox 221 3009 314 3076; x_wconf 85' lang='lat' dir='ltr'>Hanc</span> <span class='ocrx_word' id='word_1_138' title='bbox 338 3012 436 3076; x_wconf 88' lang='lat' dir='ltr'>miser</span> <span class='ocrx_word' id='word_1_139' title='bbox 458 3012 602 3095; x_wconf 73' lang='lat' dir='ltr'>inploret</span> <span class='ocrx_word' id='word_1_140' title='bbox 624 3012 737 3076; x_wconf 75' lang='lat' dir='ltr'>nauita</span> <span class='ocrx_word' id='word_1_141' title='bbox 759 3011 974 3076; x_wconf 73' lang='lat' dir='ltr'>Leucothoen.</span> 
     </span>
    </p>
   </div>
   <div class='ocr_carea' id='block_1_4' title="bbox 82 3291 1234 3451">
    <p class='ocr_par' dir='ltr' id='par_1_4' title="bbox 82 3291 1234 3451">
     <span class='ocr_line' id='line_1_25' title="bbox 98 3291 1234 3362; baseline -0.002 -14"><span class='ocrx_word' id='word_1_142' title='bbox 98 3343 101 3348; x_wconf 93' lang='lat'>.</span> <span class='ocrx_word' id='word_1_143' title='bbox 159 3291 226 3344; x_wconf 77' lang='lat' dir='ltr'>Vre.</span> <span class='ocrx_word' id='word_1_144' title='bbox 247 3311 321 3348; x_wconf 79' lang='lat' dir='ltr'>naor.</span> <span class='ocrx_word' id='word_1_145' title='bbox 359 3291 485 3348; x_wconf 85' lang='lat' dir='ltr'>XXVIII.</span> <span class='ocrx_word' id='word_1_146' title='bbox 522 3293 607 3347; x_wconf 87' lang='lat' dir='ltr'>Noua</span> <span class='ocrx_word' id='word_1_147' title='bbox 625 3295 710 3362; x_wconf 69' lang='lat' dir='ltr'>alapia</span> <span class='ocrx_word' id='word_1_148' title='bbox 729 3311 790 3348; x_wconf 85' lang='lat' dir='ltr'>curu</span> <span class='ocrx_word' id='word_1_149' title='bbox 808 3294 889 3346; x_wconf 79' lang='lat' dir='ltr'>titulo</span> <span class='ocrx_word' id='word_1_150' title='bbox 908 3292 942 3346; x_wconf 89' lang='lat' dir='ltr'>de</span> <span class='ocrx_word' id='word_1_151' title='bbox 961 3291 1052 3345; x_wconf 82' lang='lat' dir='ltr'>amics</span> <span class='ocrx_word' id='word_1_152' title='bbox 1070 3294 1234 3360; x_wconf 79' lang='lat' dir='ltr'>aegrotante</span> 
     </span>
     <span class='ocr_line' id='line_1_26' title="bbox 82 3381 1232 3451; baseline 0.002 -19"><span class='ocrx_word' id='word_1_153' title='bbox 82 3382 117 3434; x_wconf 81' lang='lat' dir='ltr'>u&#39;u</span> <span class='ocrx_word' id='word_1_154' title='bbox 137 3385 155 3431; x_wconf 92' lang='lat'>0</span> <span class='ocrx_word' id='word_1_155' title='bbox 179 3381 189 3447; x_wconf 80' lang='grc'>11</span> <span class='ocrx_word' id='word_1_156' title='bbox 213 3388 226 3433; x_wconf 90' lang='grc'>1</span> <span class='ocrx_word' id='word_1_157' title='bbox 247 3381 352 3450; x_wconf 73' lang='lat' dir='ltr'>Iupiter</span> <span class='ocrx_word' id='word_1_158' title='bbox 370 3387 429 3434; x_wconf 70' lang='lat' dir='ltr'>FN</span> <span class='ocrx_word' id='word_1_159' title='bbox 456 3384 465 3451; x_wconf 83' lang='grc' dir='ltr'>ΙΙ</span> <span class='ocrx_word' id='word_1_160' title='bbox 492 3381 908 3451; x_wconf 73' lang='lat' dir='ltr'>2Iam(Iarubrr&#39;catcre)13</span> <span class='ocrx_word' id='word_1_161' title='bbox 935 3383 945 3450; x_wconf 82' lang='grc' dir='ltr'>ΙΙ</span> <span class='ocrx_word' id='word_1_162' title='bbox 967 3382 1000 3434; x_wconf 85' lang='lat' dir='ltr'>da</span> <span class='ocrx_word' id='word_1_163' title='bbox 1018 3398 1064 3434; x_wconf 89' lang='lat' dir='ltr'>uu.</span> <span class='ocrx_word' id='word_1_164' title='bbox 1087 3387 1099 3432; x_wconf 93' lang='lat'>1</span> <span class='ocrx_word' id='word_1_165' title='bbox 1120 3383 1232 3448; x_wconf 62' lang='grc'><strong>11211.</strong></span> 
     </span>
    </p>
   </div>
   <div class='ocr_carea' id='block_1_5' title="bbox 83 3484 1235 4461">
    <p class='ocr_par' dir='ltr' id='par_1_5' title="bbox 83 3484 1235 4461">
     <span class='ocr_line' id='line_1_27' title="bbox 84 3484 1234 3576; baseline 0.001 -19"><span class='ocrx_word' id='word_1_166' title='bbox 84 3504 238 3572; x_wconf 66' lang='grc'><strong>(11133113</strong></span> <span class='ocrx_word' id='word_1_167' title='bbox 259 3506 393 3560; x_wconf 75' lang='lat' dir='ltr'>exhuatr</span> <span class='ocrx_word' id='word_1_168' title='bbox 415 3508 425 3574; x_wconf 86' lang='grc' dir='ltr'>ΙΙ</span> <span class='ocrx_word' id='word_1_169' title='bbox 449 3513 552 3573; x_wconf 75' lang='lat' dir='ltr'>bnon,</span> <span class='ocrx_word' id='word_1_170' title='bbox 571 3523 708 3576; x_wconf 77' lang='lat' dir='ltr'>suprascr.</span> <span class='ocrx_word' id='word_1_171' title='bbox 728 3484 767 3575; x_wconf 84' lang='lat' dir='ltr'>ri,</span> <span class='ocrx_word' id='word_1_172' title='bbox 785 3510 808 3557; x_wconf 82' lang='lat' dir='ltr'>v</span> <span class='ocrx_word' id='word_1_173' title='bbox 831 3509 841 3576; x_wconf 84' lang='lat' dir='ltr'>I</span> <span class='ocrx_word' id='word_1_174' title='bbox 865 3512 879 3559; x_wconf 79' lang='lat'><strong>7</strong></span> <span class='ocrx_word' id='word_1_175' title='bbox 899 3504 992 3574; x_wconf 72' lang='lat' dir='ltr'>perdit</span> <span class='ocrx_word' id='word_1_176' title='bbox 1010 3506 1074 3557; x_wconf 79' lang='lat' dir='ltr'>ante</span> <span class='ocrx_word' id='word_1_177' title='bbox 1092 3510 1113 3556; x_wconf 77' lang='lat' dir='ltr'>F</span> <span class='ocrx_word' id='word_1_178' title='bbox 1132 3522 1165 3559; x_wconf 86' lang='lat' dir='ltr'>ru.</span> <span class='ocrx_word' id='word_1_179' title='bbox 1185 3510 1201 3558; x_wconf 91' lang='lat'><strong><em>1</em></strong></span> <span class='ocrx_word' id='word_1_180' title='bbox 1225 3505 1234 3576; x_wconf 76' lang='grc'>11</span> 
     </span>
     <span class='ocr_line' id='line_1_28' title="bbox 84 3590 1232 3663; baseline 0.003 -20"><span class='ocrx_word' id='word_1_181' title='bbox 84 3597 100 3644; x_wconf 90' lang='lat'><em>8</em></span> <span class='ocrx_word' id='word_1_182' title='bbox 121 3590 243 3646; x_wconf 84' lang='lat' dir='ltr'>iurarem</span> <span class='ocrx_word' id='word_1_183' title='bbox 260 3598 284 3645; x_wconf 78' lang='grc'>11</span> <span class='ocrx_word' id='word_1_184' title='bbox 302 3595 445 3663; x_wconf 80' lang='lat' dir='ltr'>iurarunt,</span> <span class='ocrx_word' id='word_1_185' title='bbox 463 3611 601 3663; x_wconf 76' lang='lat' dir='ltr'>suprascr.</span> <span class='ocrx_word' id='word_1_186' title='bbox 621 3601 638 3649; x_wconf 69' lang='grc'><strong>1</strong></span> <span class='ocrx_word' id='word_1_187' title='bbox 657 3597 701 3662; x_wconf 82' lang='lat'>(=</span> <span class='ocrx_word' id='word_1_188' title='bbox 715 3596 832 3663; x_wconf 79' lang='lat' dir='ltr'>iuratur)</span> <span class='ocrx_word' id='word_1_189' title='bbox 851 3613 885 3649; x_wconf 86' lang='lat' dir='ltr'>m.</span> <span class='ocrx_word' id='word_1_190' title='bbox 905 3600 938 3660; x_wconf 82' lang='lat'>2,</span> <span class='ocrx_word' id='word_1_191' title='bbox 956 3596 979 3643; x_wconf 80' lang='lat' dir='ltr'>V</span> <span class='ocrx_word' id='word_1_192' title='bbox 1002 3594 1011 3661; x_wconf 83' lang='lat' dir='ltr'>I</span> <span class='ocrx_word' id='word_1_193' title='bbox 1034 3599 1049 3646; x_wconf 85' lang='lat'><strong>3</strong></span> <span class='ocrx_word' id='word_1_194' title='bbox 1070 3593 1144 3646; x_wconf 90' lang='lat' dir='ltr'>Num</span> <span class='ocrx_word' id='word_1_195' title='bbox 1163 3599 1232 3647; x_wconf 75' lang='lat' dir='ltr'>DF:</span> 
     </span>
     <span class='ocr_line' id='line_1_29' title="bbox 84 3680 1233 3752; baseline 0 -19"><span class='ocrx_word' id='word_1_196' title='bbox 84 3681 151 3733; x_wconf 89' lang='lat' dir='ltr'>Nun</span> <span class='ocrx_word' id='word_1_197' title='bbox 169 3684 191 3731; x_wconf 80' lang='lat' dir='ltr'>V</span> <span class='ocrx_word' id='word_1_198' title='bbox 210 3680 274 3735; x_wconf 90' lang='lat' dir='ltr'>Non</span> <span class='ocrx_word' id='word_1_199' title='bbox 292 3687 316 3734; x_wconf 75' lang='lat' dir='ltr'>n</span> <span class='ocrx_word' id='word_1_200' title='bbox 345 3686 350 3752; x_wconf 82' lang='grc' dir='ltr'>Ι</span> <span class='ocrx_word' id='word_1_201' title='bbox 379 3683 442 3752; x_wconf 84' lang='lat' dir='ltr'>ipsa</span> <span class='ocrx_word' id='word_1_202' title='bbox 460 3699 489 3741; x_wconf 78' lang='grc' dir='ltr'>ςε</span> <span class='ocrx_word' id='word_1_203' title='bbox 514 3683 603 3737; x_wconf 71' lang='lat' dir='ltr'>illao</span> <span class='ocrx_word' id='word_1_204' title='bbox 633 3689 637 3751; x_wconf 87' lang='grc' dir='ltr'>Ι</span> <span class='ocrx_word' id='word_1_205' title='bbox 667 3699 817 3752; x_wconf 87' lang='lat' dir='ltr'>paremquc</span> <span class='ocrx_word' id='word_1_206' title='bbox 836 3689 870 3736; x_wconf 75' lang='lat' dir='ltr'>F:</span> <span class='ocrx_word' id='word_1_207' title='bbox 894 3698 1016 3751; x_wconf 76' lang='lat' dir='ltr'>parsque</span> <span class='ocrx_word' id='word_1_208' title='bbox 1034 3689 1055 3732; x_wconf 86' lang='lat' dir='ltr'>D</span> <span class='ocrx_word' id='word_1_209' title='bbox 1079 3685 1191 3751; x_wconf 72' lang='lat' dir='ltr'>p}req;</span> <span class='ocrx_word' id='word_1_210' title='bbox 1210 3686 1233 3733; x_wconf 84' lang='lat' dir='ltr'>V</span> 
     </span>
     <span class='ocr_line' id='line_1_30' title="bbox 84 3769 1235 3842; baseline 0.003 -20"><span class='ocrx_word' id='word_1_211' title='bbox 84 3771 218 3841; x_wconf 67' lang='lat' dir='ltr'>(pereque</span> <span class='ocrx_word' id='word_1_212' title='bbox 241 3787 275 3825; x_wconf 85' lang='lat' dir='ltr'>ru.</span> <span class='ocrx_word' id='word_1_213' title='bbox 294 3773 326 3839; x_wconf 79' lang='lat'>2)</span> <span class='ocrx_word' id='word_1_214' title='bbox 353 3789 403 3841; x_wconf 86' lang='lat' dir='ltr'>per</span> <span class='ocrx_word' id='word_1_215' title='bbox 430 3788 536 3840; x_wconf 86' lang='lat' dir='ltr'>acquae</span> <span class='ocrx_word' id='word_1_216' title='bbox 559 3777 583 3824; x_wconf 76' lang='lat' dir='ltr'>n</span> <span class='ocrx_word' id='word_1_217' title='bbox 609 3773 619 3840; x_wconf 82' lang='lat' dir='ltr'>i</span> <span class='ocrx_word' id='word_1_218' title='bbox 648 3778 680 3825; x_wconf 90' lang='grc'>10</span> <span class='ocrx_word' id='word_1_219' title='bbox 708 3772 839 3842; x_wconf 84' lang='lat' dir='ltr'>Praese]</span> <span class='ocrx_word' id='word_1_220' title='bbox 868 3771 923 3826; x_wconf 85' lang='lat' dir='ltr'>Per</span> <span class='ocrx_word' id='word_1_221' title='bbox 946 3785 1011 3827; x_wconf 72' lang='lat' dir='ltr'>ses</span> <span class='ocrx_word' id='word_1_222' title='bbox 1039 3769 1235 3826; x_wconf 80' lang='lat' dir='ltr'>Lachmauuus</span> 
     </span>
     <span class='ocr_line' id='line_1_31' title="bbox 84 3856 1231 3928; baseline 0.004 -18"><span class='ocrx_word' id='word_1_223' title='bbox 84 3856 201 3924; x_wconf 85' lang='lat' dir='ltr'>Semper</span> <span class='ocrx_word' id='word_1_224' title='bbox 221 3857 421 3926; x_wconf 74' lang='lat' dir='ltr'>Marklaudus3</span> <span class='ocrx_word' id='word_1_225' title='bbox 440 3860 534 3913; x_wconf 75' lang='lat' dir='ltr'>malum</span> <span class='ocrx_word' id='word_1_226' title='bbox 552 3861 667 3914; x_wconf 86' lang='lat' dir='ltr'>Praeses</span> <span class='ocrx_word' id='word_1_227' title='bbox 695 3862 698 3924; x_wconf 92' lang='grc' dir='ltr'>Ι</span> <span class='ocrx_word' id='word_1_228' title='bbox 722 3859 858 3915; x_wconf 86' lang='lat' dir='ltr'>insidiosa</span> <span class='ocrx_word' id='word_1_229' title='bbox 875 3859 1007 3914; x_wconf 79' lang='lat' dir='ltr'>Behou&#39;us</span> <span class='ocrx_word' id='word_1_230' title='bbox 1027 3861 1036 3928; x_wconf 89' lang='grc' dir='ltr'>ΙΙ</span> <span class='ocrx_word' id='word_1_231' title='bbox 1062 3866 1091 3913; x_wconf 88' lang='grc'>11</span> <span class='ocrx_word' id='word_1_232' title='bbox 1113 3861 1231 3914; x_wconf 74' lang='grc'><strong>11101-</strong></span> 
     </span>
     <span class='ocr_line' id='line_1_32' title="bbox 83 3945 1232 4019; baseline 0.003 -21"><span class='ocrx_word' id='word_1_233' title='bbox 83 3945 164 3998; x_wconf 73' lang='lat' dir='ltr'>hante</span> <span class='ocrx_word' id='word_1_234' title='bbox 182 3948 205 3995; x_wconf 85' lang='lat' dir='ltr'>V</span> <span class='ocrx_word' id='word_1_235' title='bbox 222 3963 274 4015; x_wconf 73' lang='lat' dir='ltr'>usq.</span> <span class='ocrx_word' id='word_1_236' title='bbox 293 3963 327 4002; x_wconf 89' lang='lat' dir='ltr'>m.</span> <span class='ocrx_word' id='word_1_237' title='bbox 347 3948 529 4014; x_wconf 73' lang='lat' dir='ltr'>2lmembra</span> <span class='ocrx_word' id='word_1_238' title='bbox 553 3948 808 4018; x_wconf 81' lang='lat' dir='ltr'>Waardeuhusrpr&#39;us</span> <span class='ocrx_word' id='word_1_239' title='bbox 821 3952 831 4018; x_wconf 78' lang='grc' dir='ltr'>[Ι</span> <span class='ocrx_word' id='word_1_240' title='bbox 847 3956 878 4003; x_wconf 91' lang='grc'><strong>12</strong></span> <span class='ocrx_word' id='word_1_241' title='bbox 898 3949 1015 4002; x_wconf 86' lang='lat' dir='ltr'>Pallidis</span> <span class='ocrx_word' id='word_1_242' title='bbox 1034 3953 1058 4001; x_wconf 79' lang='grc'>11</span> <span class='ocrx_word' id='word_1_243' title='bbox 1081 3952 1091 4016; x_wconf 82' lang='grc' dir='ltr'>ΙΙ</span> <span class='ocrx_word' id='word_1_244' title='bbox 1116 3954 1147 4002; x_wconf 82' lang='lat'>15</span> <span class='ocrx_word' id='word_1_245' title='bbox 1166 3949 1232 4019; x_wconf 78' lang='lat' dir='ltr'>tibi]</span> 
     </span>
     <span class='ocr_line' id='line_1_33' title="bbox 83 4032 1232 4106; baseline 0.003 -20"><span class='ocrx_word' id='word_1_246' title='bbox 83 4032 155 4086; x_wconf 88' lang='lat' dir='ltr'>mihi</span> <span class='ocrx_word' id='word_1_247' title='bbox 173 4037 196 4084; x_wconf 85' lang='lat' dir='ltr'>v</span> <span class='ocrx_word' id='word_1_248' title='bbox 214 4049 265 4103; x_wconf 72' lang='lat' dir='ltr'>my.</span> <span class='ocrx_word' id='word_1_249' title='bbox 285 4053 318 4090; x_wconf 86' lang='lat' dir='ltr'>ru.</span> <span class='ocrx_word' id='word_1_250' title='bbox 337 4040 357 4090; x_wconf 76' lang='lat'><em>2</em></span> <span class='ocrx_word' id='word_1_251' title='bbox 374 4040 377 4100; x_wconf 95' lang='grc' dir='ltr'>Ι</span> <span class='ocrx_word' id='word_1_252' title='bbox 393 4039 496 4090; x_wconf 75' lang='lat' dir='ltr'>uexata</span> <span class='ocrx_word' id='word_1_253' title='bbox 510 4067 543 4076; x_wconf 90' lang='lat'>—-</span> <span class='ocrx_word' id='word_1_254' title='bbox 559 4037 618 4091; x_wconf 72' lang='lat' dir='ltr'>nica</span> <span class='ocrx_word' id='word_1_255' title='bbox 636 4053 653 4094; x_wconf 86' lang='grc' dir='ltr'><strong><em>ς</em></strong></span> <span class='ocrx_word' id='word_1_256' title='bbox 678 4044 681 4097; x_wconf 86' lang='grc'>1</span> <span class='ocrx_word' id='word_1_257' title='bbox 707 4040 773 4106; x_wconf 77' lang='lat' dir='ltr'>post</span> <span class='ocrx_word' id='word_1_258' title='bbox 789 4038 879 4090; x_wconf 71' lang='lat' dir='ltr'>mulia</span> <span class='ocrx_word' id='word_1_259' title='bbox 901 4038 1033 4090; x_wconf 77' lang='lat' dir='ltr'>Pricaeus</span> <span class='ocrx_word' id='word_1_260' title='bbox 1052 4040 1062 4105; x_wconf 86' lang='grc' dir='ltr'>ΙΙ</span> <span class='ocrx_word' id='word_1_261' title='bbox 1087 4043 1119 4090; x_wconf 84' lang='grc'>16</span> <span class='ocrx_word' id='word_1_262' title='bbox 1137 4038 1232 4091; x_wconf 76' lang='lat' dir='ltr'>ueniet</span> 
     </span>
     <span class='ocr_line' id='line_1_34' title="bbox 84 4123 1232 4196; baseline 0.007 -24"><span class='ocrx_word' id='word_1_263' title='bbox 84 4125 107 4172; x_wconf 81' lang='lat' dir='ltr'>v</span> <span class='ocrx_word' id='word_1_264' title='bbox 125 4139 158 4175; x_wconf 88' lang='lat' dir='ltr'>m.</span> <span class='ocrx_word' id='word_1_265' title='bbox 177 4128 211 4178; x_wconf 79' lang='lat'>2:</span> <span class='ocrx_word' id='word_1_266' title='bbox 230 4123 309 4179; x_wconf 76' lang='lat' dir='ltr'>uenit</span> <span class='ocrx_word' id='word_1_267' title='bbox 326 4130 345 4176; x_wconf 91' lang='grc'><strong>0</strong></span> <span class='ocrx_word' id='word_1_268' title='bbox 365 4124 497 4182; x_wconf 73' lang='lat' dir='ltr'>ueniats</span> <span class='ocrx_word' id='word_1_269' title='bbox 521 4130 525 4194; x_wconf 88' lang='grc' dir='ltr'>Ι</span> <span class='ocrx_word' id='word_1_270' title='bbox 549 4143 618 4180; x_wconf 77' lang='lat' dir='ltr'>aurs</span> <span class='ocrx_word' id='word_1_271' title='bbox 641 4126 815 4180; x_wconf 74' lang='lat' dir='ltr'>Passeratius</span> <span class='ocrx_word' id='word_1_272' title='bbox 843 4128 853 4196; x_wconf 77' lang='grc'>11</span> <span class='ocrx_word' id='word_1_273' title='bbox 881 4132 914 4179; x_wconf 85' lang='grc'>18</span> <span class='ocrx_word' id='word_1_274' title='bbox 937 4125 1067 4178; x_wconf 62' lang='lat' dir='ltr'>nacha?</span> <span class='ocrx_word' id='word_1_275' title='bbox 1094 4127 1104 4193; x_wconf 84' lang='grc' dir='ltr'>ΙΙ</span> <span class='ocrx_word' id='word_1_276' title='bbox 1132 4131 1177 4191; x_wconf 84' lang='grc'><strong>19,</strong></span> <span class='ocrx_word' id='word_1_277' title='bbox 1198 4131 1232 4180; x_wconf 85' lang='grc'>20</span> 
     </span>
     <span class='ocr_line' id='line_1_35' title="bbox 87 4209 1232 4282; baseline 0.003 -18"><span class='ocrx_word' id='word_1_278' title='bbox 87 4209 323 4281; x_wconf 83' lang='lat' dir='ltr'>Soudstroamr&#39;us‚</span> <span class='ocrx_word' id='word_1_279' title='bbox 342 4219 375 4266; x_wconf 92' lang='grc'><strong>21</strong></span> <span class='ocrx_word' id='word_1_280' title='bbox 395 4219 420 4267; x_wconf 82' lang='lat' dir='ltr'>ct</span> <span class='ocrx_word' id='word_1_281' title='bbox 438 4219 472 4267; x_wconf 90' lang='grc'>22</span> <span class='ocrx_word' id='word_1_282' title='bbox 491 4214 692 4269; x_wconf 77' lang='lat' dir='ltr'>Hciurer&#39;chr&#39;us</span> <span class='ocrx_word' id='word_1_283' title='bbox 710 4214 888 4282; x_wconf 79' lang='lat' dir='ltr'>interpolatos</span> <span class='ocrx_word' id='word_1_284' title='bbox 903 4218 1006 4282; x_wconf 75' lang='lat' dir='ltr'>putarat</span> <span class='ocrx_word' id='word_1_285' title='bbox 1023 4215 1033 4282; x_wconf 82' lang='grc' dir='ltr'>ΙΙ</span> <span class='ocrx_word' id='word_1_286' title='bbox 1048 4217 1080 4266; x_wconf 85' lang='grc'>19</span> <span class='ocrx_word' id='word_1_287' title='bbox 1099 4213 1180 4266; x_wconf 67' lang='lat' dir='ltr'>serris</span> <span class='ocrx_word' id='word_1_288' title='bbox 1200 4218 1232 4268; x_wconf 90' lang='lat'>0:</span> 
     </span>
     <span class='ocr_line' id='line_1_36' title="bbox 84 4300 1231 4374; baseline 0.006 -23"><span class='ocrx_word' id='word_1_289' title='bbox 84 4300 174 4352; x_wconf 77' lang='lat' dir='ltr'>terras</span> <span class='ocrx_word' id='word_1_290' title='bbox 192 4301 276 4368; x_wconf 76' lang='lat' dir='ltr'>rualpo</span> <span class='ocrx_word' id='word_1_291' title='bbox 292 4309 295 4362; x_wconf 89' lang='grc' dir='ltr'>Ι</span> <span class='ocrx_word' id='word_1_292' title='bbox 312 4303 417 4370; x_wconf 73' lang='lat' dir='ltr'>uagata</span> <span class='ocrx_word' id='word_1_293' title='bbox 434 4309 468 4370; x_wconf 83' lang='lat' dir='ltr'>D;</span> <span class='ocrx_word' id='word_1_294' title='bbox 489 4301 592 4358; x_wconf 85' lang='lat' dir='ltr'>Thebis</span> <span class='ocrx_word' id='word_1_295' title='bbox 611 4321 636 4357; x_wconf 84' lang='lat' dir='ltr'>a.</span> <span class='ocrx_word' id='word_1_296' title='bbox 656 4301 756 4372; x_wconf 73' lang='lat' dir='ltr'>fugata</span> <span class='ocrx_word' id='word_1_297' title='bbox 775 4303 817 4355; x_wconf 77' lang='lat' dir='ltr'>est</span> <span class='ocrx_word' id='word_1_298' title='bbox 835 4303 904 4355; x_wconf 79' lang='lat' dir='ltr'>caui.</span> <span class='ocrx_word' id='word_1_299' title='bbox 925 4301 1048 4355; x_wconf 83' lang='lat' dir='ltr'>Jacobus</span> <span class='ocrx_word' id='word_1_300' title='bbox 1067 4302 1077 4370; x_wconf 78' lang='grc' dir='ltr'>ΙΙ</span> <span class='ocrx_word' id='word_1_301' title='bbox 1100 4308 1134 4356; x_wconf 90' lang='grc'>20</span> <span class='ocrx_word' id='word_1_302' title='bbox 1152 4303 1231 4374; x_wconf 86' lang='lat' dir='ltr'>impl.</span> 
     </span>
     <span class='ocr_line' id='line_1_37' title="bbox 84 4387 921 4461; baseline 0.005 -22"><span class='ocrx_word' id='word_1_303' title='bbox 84 4394 105 4439; x_wconf 81' lang='grc'>11</span> <span class='ocrx_word' id='word_1_304' title='bbox 120 4390 143 4439; x_wconf 76' lang='lat' dir='ltr'><strong>V</strong></span> <span class='ocrx_word' id='word_1_305' title='bbox 159 4387 164 4456; x_wconf 77' lang='grc'>1</span> <span class='ocrx_word' id='word_1_306' title='bbox 179 4387 347 4444; x_wconf 80' lang='lat' dir='ltr'>leucothoen</span> <span class='ocrx_word' id='word_1_307' title='bbox 367 4391 519 4459; x_wconf 69' lang='lat' dir='ltr'>(leschoah.</span> <span class='ocrx_word' id='word_1_308' title='bbox 538 4395 570 4461; x_wconf 76' lang='lat' dir='ltr'>F)</span> <span class='ocrx_word' id='word_1_309' title='bbox 590 4395 621 4444; x_wconf 83' lang='lat'>0:</span> <span class='ocrx_word' id='word_1_310' title='bbox 640 4391 819 4446; x_wconf 81' lang='lat' dir='ltr'>Leucothean</span> <span class='ocrx_word' id='word_1_311' title='bbox 837 4390 921 4460; x_wconf 72' lang='lat' dir='ltr'>uulyo</span> 
     </span>
    </p>
   </div>
   <div class='ocr_carea' id='block_1_6' title="bbox 0 0 1531 5044">
    <p class='ocr_par' dir='ltr' id='par_1_6' title="bbox 0 0 1531 5044">
     <span class='ocr_line' id='line_1_38' title="bbox 0 0 1531 5044; baseline 0 0"><span class='ocrx_word' id='word_1_312' title='bbox 0 0 1531 5044; x_wconf 95' lang='lat' dir='ltr'> </span> 
     </span>
    </p>
   </div>
  </div>
 </body>
</html>
