3004 5068
493 343 781 400 Pecunuosmnn
1123 343 1215 398 xxix

153 506 208 574 Ad
230 505 296 574 alie
319 505 426 573 uenio.
461 528 537 573 unm
561 510 632 574 erat
654 507 753 572 stiam
776 505 884 570 scriba
906 503 1047 590 quidam,
1070 504 1122 569 cui
1144 526 1214 569 see-

61 613 136 695 pius
163 612 281 677 accidit
303 615 341 678 ut
363 613 558 680 uocabulum
581 613 713 698 aliquod
732 613 797 678 iam
820 610 1016 697 descriptum
1039 613 1074 676 et
1095 633 1216 676 memo-

64 719 134 784 riae
159 719 333 786 inhaerens
356 719 453 805 paulo
481 723 559 805 post
587 741 646 804 pro
674 719 777 784 altero
806 717 905 784 simili
927 719 1045 784 iterum
1067 721 1215 802 poneret3

61 826 171 892 ueluti
188 825 235 892 IV
254 827 285 909 4,
308 826 351 892 39
362 847 408 910 sq.
431 810 521 892 dedit
543 825 589 892 ‘in
611 825 735 911 patrios
760 823 900 908 Scyllam
922 826 1056 890 amnicae
1078 825 1215 909 capillos

63 931 266 1016 candidaque
293 931 329 998 iu
359 951 467 998 saeuos
495 929 574 1017 (pro
605 929 770 1018 ‘foedos')
801 931 936 1017 inguina
964 952 1060 998 uersa
1092 929 1216 998 canes’.

65 1036 228 1114 disseram
251 1037 291 1104 de
315 1038 442 1122 aliquot
463 1038 554 1124 locis,
575 1039 632 1105 ubi
654 1037 717 1104 hoc
740 1037 982 1123 deprecationis
1005 1059 1121 1123 genus,
1143 1061 1215 1124 par·

62 1145 124 1210 tim
149 1144 247 1228 culpa
269 1143 437 1228 Italorum,
460 1144 565 1211 adhuc
587 1144 739 1211 fefellerit
761 1145 883 1212 doctos.
906 1144 939 1210 Il
957 1145 1010 1229 34,
1026 1145 1071 1210 43
1094 1145 1217 1230 legitur

64 1250 99 1314 in
124 1259 155 1316 0
180 1247 324 1336 (omissa
348 1252 462 1318 caess
484 1248 606 1338 urum:
970 1231 975 1241 ‘

158 1356 279 1424 Desine
302 1361 335 1422 et
355 1357 541 1444 Aeschyleo
564 1380 755 1442 componere
778 1359 879 1425 uerba
901 1357 1071 1444 cothurno,

202 1463 323 1530 Desine
345 1468 380 1532 et
402 1465 443 1531 ad
466 1466 581 1532 molles
604 1467 752 1532 membra
773 1466 899 1530 resolue
921 1464 1046 1532 choros.

158 1571 269 1656 Incipe
292 1571 358 1636 iam
381 1576 522 1657 angusto
545 1593 659 1638 uersus
682 1593 876 1657 componere
898 1575 993 1637 torno
1017 1593 1082 1657 eqs.

66 1678 208 1743 alterum
236 1677 461 1764 ‘componere'
488 1678 701 1745 audacissime
722 1679 799 1748 Itali
825 1679 860 1743 in
888 1677 1083 1744 ‘includere'
1111 1699 1216 1744 corre·

66 1789 198 1870 xerunt,
225 1806 287 1870 ego
315 1786 350 1852 in
373 1773 609 1869 ‘compescere’
632 1786 771 1866 mutaui,
798 1808 863 1871 quo
890 1789 924 1850 et
953 1786 1061 1850 mendi
1087 1783 1217 1867 γένεσις

67 1892 250 1960 declaretur
278 1891 368 1979 (nam
395 1894 515 1960 similia
542 1895 682 1959 maxime
709 1894 810 1960 uerba
836 1892 1002 1958 fortunam
1035 1915 1133 1978 supra
1165 1915 1216 1958 ex-

67 1998 212 2081 positam
240 2000 377 2068 subiisse
406 1999 555 2086 apparet)
583 2003 618 2066 et
644 2001 837 2067 uocabulum
864 2021 940 2064 uere
967 1998 1217 2084 Propertianum

67 2107 271 2176 restituatur.
294 2142 336 2152 -
360 2107 393 2173 ΙΙ
416 2107 469 2191 28,
491 2108 533 2172 21
559 2107 754 2174 exhibeto:

181 2212 387 2280 Andromede
411 2214 565 2280 monstris
588 2213 696 2280 fuerat
718 2218 901 2280 monstrate
923 2213 1067 2279 marinis.

68 2319 122 2386 hic
151 2307 283 2405 qnoque
301 2320 459 2388 Italorum
487 2324 705 2388 commentum
734 2319 885 2387 ‘deuota'
913 2319 1011 2386 nimis
1039 2321 1215 2384 uiolentum

69 2432 128 2510 est,
147 2428 315 2512 tutiusque
333 2433 510 2513 reponetur
528 2426 690 2513 ‘sacrata’,
710 2428 796 2514 quod
813 2427 1043 2512 compendiose
1058 2427 1216 2510 scriptum

69 2534 172 2600 errori
196 2533 339 2618 aliquam
362 2557 476 2602 ansam
498 2535 575 2602 dare
599 2537 816 2621 potuerit-
841 2534 888 2602 IV
914 2537 943 2620 7,
969 2535 1081 2620 l9sq.:

184 2639 288 2726 Saepe
312 2641 422 2708 Venus
444 2643 543 2710 triuio
567 2644 743 2709 commissa
766 2647 817 2708 est
838 2646 967 2727 pectore
991 2642 1102 2724 mixto,

231 2747 391 2816 Fecerunt
412 2749 541 2834 tepidas
563 2753 695 2835 pectora
718 2753 831 2815 nostra
852 2749 933 2814 uias.

72 2856 171 2941 uulgo
194 2854 354 2922 Italorum
377 2857 563 2922 coniectura
586 2856 703 2941 ‘pallia
723 2854 854 2922 nostra'
877 2855 912 2919 in
935 2857 1027 2918 textu
1050 2852 1220 2918 exhibetur

71 2960 296 3028 inficetissima
319 2983 478 3048 quamque
501 2967 570 3030 tam
593 2963 647 3029 diu
671 2964 805 3030 tolerari
827 2961 971 3048 potuisse
994 2960 1063 3026 iure
1083 2959 1218 3027 mireris.

73 3089 160 3134 unua
181 3071 251 3134 erat
273 3068 325 3136 uir
352 3069 467 3136 doctus
499 3071 554 3156 qui
583 3067 738 3156 ‘praelia'
766 3067 1016 3166 commendaret,
1043 3089 1156 3132 uocem
1184 3067 1220 3130 in

73 3172 201 3242 Venere
229 3177 313 3242 clam
340 3176 526 3262 raptimque
553 3198 611 3262 per
638 3177 725 3242 uiam
754 3176 926 3242 commissa
952 3195 1011 3240 nec
1038 3175 1144 3259 ipsam
1167 3176 1220 3238 sat

73 3280 233 3348 idoneam.
269 3284 394 3367 expulit
421 3287 529 3350 antem
558 3282 723 3369 ‘pectora'
752 3306 769 3347 e
797 3281 1000 3368 praecedenti
1021 3281 1109 3366 linea
1130 3301 1219 3364 repe-

74 3389 170 3456 titum
193 3390 228 3456 id
250 3390 339 3476 quod
360 3391 395 3456 in
417 3390 480 3457 hac
502 3412 537 3455 re
560 3389 809 3456 usitatissimum
832 3392 884 3454 est
906 3385 1048 3473 ‘gaudia’
1072 3388 1141 3452 siue
1164 3408 1220 3470 po-

74 3495 140 3562 tius
160 3493 346 3582 ‘furtaque’,
364 3517 427 3580 quo
446 3499 578 3581 recepto
598 3496 697 3561 etiam
715 3496 865 3580 copulam
882 3515 984 3580 paene
1002 3493 1219 3558 necessariam

75 3601 247 3668 lucramur.
274 3605 415 3668 ceterum
433 3601 693 3689 interpunctione
712 3605 838 3668 mutata
857 3601 998 3686 ‘pectore
1017 3598 1132 3666 mixlo’
1147 3622 1221 3665 con·

75 3707 164 3777 iunxi
192 3730 264 3774 cum
292 3708 470 3793 prioribus3
503 3709 694 3796 designatur
725 3710 810 3774 enirn
838 3728 940 3794 genua
974 3707 1094 3791 coitus,
1125 3707 1220 3791 quale

76 3815 143 3898 ipse
166 3814 257 3882 locus
280 3812 456 3882 indicabat
480 3851 521 3862 -
545 3814 669 3900 11124,
692 3815 805 3901 25sqr

186 3919 243 3986 Nil
265 3942 400 3988 moneor
420 3922 578 3988 lacrimis:
600 3922 666 3988 ista
689 3945 762 3988 rum
783 3925 898 3988 cautus
921 3922 962 3986 ab
986 3923 1068 3986 arte:

236 4027 371 4113 Semper
392 4029 433 4096 ab
456 4029 593 4113 insidiis,
615 4026 766 4113 Cynthia,
787 4027 866 4092 flere
888 4029 982 4094 soles.

79 4133 130 4201 ‘ab
144 4132 283 4201 insidiis'
303 4133 404 4202 latine
422 4135 510 4199 ualet
529 4133 616 4220 ‘post
634 4133 791 4219 insidies',
808 4158 881 4200 cum
899 4136 1042 4220 requiret
1061 4134 1221 4199 sententia

80 4240 118 4308 ‘si
136 4241 272 4308 insidias
287 4239 407 4306 struis'.
444 4245 642 4328 quapropter
664 4242 840 4328 genuinum
864 4240 917 4307 ‘ad
939 4239 1086 4306 insidias'
1110 4263 1221 4306 secun

82 4347 155 4414 dum
179 4347 212 4414 id
235 4347 323 4432 quod
337 4347 491 4432 proxime
513 4349 677 4414 antecedit
705 4347 763 4414 ‘ab
787 4347 873 4414 arte'
897 4349 1110 4433 deprecatum
1133 4353 1223 4434 putu.

80 4492 119 4502 -
142 4455 193 4521 Ill
217 4454 272 4533 21,
295 4456 332 4520 31
348 4478 407 4539 sq.:
