<?xml version="1.0" encoding="UTF-8"?>
<!DOCTYPE html PUBLIC "-//W3C//DTD XHTML 1.0 Transitional//EN"
    "http://www.w3.org/TR/xhtml1/DTD/xhtml1-transitional.dtd">
<html xmlns="http://www.w3.org/1999/xhtml" xml:lang="en" lang="en">
 <head>
  <title>
</title>
<meta http-equiv="Content-Type" content="text/html;charset=utf-8" />
  <meta name='ocr-system' content='tesseract 3.04.00' />
  <meta name='ocr-capabilities' content='ocr_page ocr_carea ocr_par ocr_line ocrx_word'/>
</head>
<body>
  <div class='ocr_page' id='page_1' title='image "./elegiarumlibrii00propgoog_0197.png"; bbox 0 0 3046 5032; ppageno 0'>
   <div class='ocr_carea' id='block_1_1' title="bbox 260 293 1035 358">
    <p class='ocr_par' dir='ltr' id='par_1_1' title="bbox 260 293 1035 358">
     <span class='ocr_line' id='line_1_1' title="bbox 260 293 1035 358; baseline -0.01 1"><span class='ocrx_word' id='word_1_1' title='bbox 260 293 323 358; x_wconf 84' lang='grc'><strong>136</strong></span> <span class='ocrx_word' id='word_1_2' title='bbox 626 293 821 349; x_wconf 82' lang='lat' dir='ltr'>PROPERTII</span> <span class='ocrx_word' id='word_1_3' title='bbox 840 293 907 350; x_wconf 88' lang='lat' dir='ltr'>LIB.</span> <span class='ocrx_word' id='word_1_4' title='bbox 927 295 974 350; x_wconf 88' lang='lat' dir='ltr'><strong>Ill.</strong></span> <span class='ocrx_word' id='word_1_5' title='bbox 995 301 1035 352; x_wconf 88' lang='lat'><strong>15.</strong></span> 
     </span>
    </p>
   </div>
   <div class='ocr_carea' id='block_1_2' title="bbox 209 458 1387 2575">
    <p class='ocr_par' dir='ltr' id='par_1_2' title="bbox 209 458 1387 2575">
     <span class='ocr_line' id='line_1_2' title="bbox 306 458 1192 546; baseline 0.002 -24"><span class='ocrx_word' id='word_1_6' title='bbox 306 458 377 523; x_wconf 81' lang='lat' dir='ltr'><strong>15A</strong></span> <span class='ocrx_word' id='word_1_7' title='bbox 402 460 551 542; x_wconf 87' lang='lat' dir='ltr'><strong>quotiens</strong></span> <span class='ocrx_word' id='word_1_8' title='bbox 576 459 732 524; x_wconf 80' lang='lat' dir='ltr'><strong>famulam</strong></span> <span class='ocrx_word' id='word_1_9' title='bbox 755 459 866 542; x_wconf 90' lang='lat' dir='ltr'><strong>pensis</strong></span> <span class='ocrx_word' id='word_1_10' title='bbox 890 461 1039 525; x_wconf 90' lang='lat' dir='ltr'><strong>onerauit</strong></span> <span class='ocrx_word' id='word_1_11' title='bbox 1061 458 1192 546; x_wconf 89' lang='lat' dir='ltr'><strong>iniquis,</strong></span> 
     </span>
     <span class='ocr_line' id='line_1_3' title="bbox 392 565 1111 650; baseline -0.001 -20"><span class='ocrx_word' id='word_1_12' title='bbox 392 565 437 631; x_wconf 81' lang='lat' dir='ltr'><strong>Et</strong></span> <span class='ocrx_word' id='word_1_13' title='bbox 460 570 556 650; x_wconf 87' lang='lat' dir='ltr'><strong>eaput</strong></span> <span class='ocrx_word' id='word_1_14' title='bbox 580 566 614 630; x_wconf 92' lang='lat' dir='ltr'><strong>in</strong></span> <span class='ocrx_word' id='word_1_15' title='bbox 636 566 715 630; x_wconf 86' lang='lat' dir='ltr'><strong>dura</strong></span> <span class='ocrx_word' id='word_1_16' title='bbox 737 587 858 649; x_wconf 91' lang='lat' dir='ltr'><strong>ponere</strong></span> <span class='ocrx_word' id='word_1_17' title='bbox 881 565 977 630; x_wconf 89' lang='lat' dir='ltr'><strong>iussit</strong></span> <span class='ocrx_word' id='word_1_18' title='bbox 998 567 1111 632; x_wconf 91' lang='lat' dir='ltr'><strong>humo!</strong></span> 
     </span>
     <span class='ocr_line' id='line_1_4' title="bbox 351 669 1387 756; baseline -0.001 -19"><span class='ocrx_word' id='word_1_19' title='bbox 351 669 453 756; x_wconf 82' lang='lat' dir='ltr'>Saepe</span> <span class='ocrx_word' id='word_1_20' title='bbox 477 672 569 736; x_wconf 89' lang='lat' dir='ltr'><strong>illam</strong></span> <span class='ocrx_word' id='word_1_21' title='bbox 592 670 755 736; x_wconf 83' lang='lat' dir='ltr'><strong>inmundis</strong></span> <span class='ocrx_word' id='word_1_22' title='bbox 778 693 877 754; x_wconf 82' lang='lat' dir='ltr'><strong>pessa</strong></span> <span class='ocrx_word' id='word_1_23' title='bbox 900 674 950 735; x_wconf 91' lang='lat' dir='ltr'><strong>est</strong></span> <span class='ocrx_word' id='word_1_24' title='bbox 971 671 1120 737; x_wconf 81' lang='lat' dir='ltr'><strong>habitere</strong></span> <span class='ocrx_word' id='word_1_25' title='bbox 1142 672 1303 755; x_wconf 85' lang='lat' dir='ltr'><strong>tenebris,</strong></span> <span class='ocrx_word' id='word_1_26' title='bbox 1384 743 1387 750; x_wconf 46' lang='grc'>,</span> 
     </span>
     <span class='ocr_line' id='line_1_5' title="bbox 393 777 1077 862; baseline 0.003 -19"><span class='ocrx_word' id='word_1_27' title='bbox 393 779 500 844; x_wconf 90' lang='lat' dir='ltr'><strong>Vilem</strong></span> <span class='ocrx_word' id='word_1_28' title='bbox 523 777 650 842; x_wconf 88' lang='lat' dir='ltr'><strong>ieiunae</strong></span> <span class='ocrx_word' id='word_1_29' title='bbox 673 799 769 860; x_wconf 80' lang='lat' dir='ltr'>saepe</span> <span class='ocrx_word' id='word_1_30' title='bbox 792 778 928 862; x_wconf 83' lang='lat' dir='ltr'><strong>negauit</strong></span> <span class='ocrx_word' id='word_1_31' title='bbox 950 801 1077 862; x_wconf 83' lang='lat' dir='ltr'><strong>aquam.</strong></span> 
     </span>
     <span class='ocr_line' id='line_1_6' title="bbox 348 883 1221 970; baseline 0 -19"><span class='ocrx_word' id='word_1_32' title='bbox 348 886 507 970; x_wconf 84' lang='lat' dir='ltr'><strong>luppiter,</strong></span> <span class='ocrx_word' id='word_1_33' title='bbox 530 883 695 968; x_wconf 82' lang='lat' dir='ltr'>Antiopae</span> <span class='ocrx_word' id='word_1_34' title='bbox 717 906 879 969; x_wconf 84' lang='lat' dir='ltr'><strong>nusquam</strong></span> <span class='ocrx_word' id='word_1_35' title='bbox 902 887 1063 950; x_wconf 79' lang='lat' dir='ltr'><strong>succurris</strong></span> <span class='ocrx_word' id='word_1_36' title='bbox 1087 886 1221 951; x_wconf 89' lang='lat' dir='ltr'><strong>habenti</strong></span> 
     </span>
     <span class='ocr_line' id='line_1_7' title="bbox 305 991 1177 1075; baseline 0 -17"><span class='ocrx_word' id='word_1_37' title='bbox 305 1010 339 1059; x_wconf 81' lang='lat'><strong>20</strong></span> <span class='ocrx_word' id='word_1_38' title='bbox 394 992 457 1058; x_wconf 87' lang='lat' dir='ltr'><strong>Tot</strong></span> <span class='ocrx_word' id='word_1_39' title='bbox 479 993 589 1058; x_wconf 80' lang='lat' dir='ltr'><strong>mala?</strong></span> <span class='ocrx_word' id='word_1_40' title='bbox 612 993 790 1075; x_wconf 78' lang='lat' dir='ltr'><strong>corrumpit</strong></span> <span class='ocrx_word' id='word_1_41' title='bbox 814 991 894 1056; x_wconf 88' lang='lat' dir='ltr'><strong>dura</strong></span> <span class='ocrx_word' id='word_1_42' title='bbox 917 995 1032 1057; x_wconf 86' lang='lat' dir='ltr'><strong>catena</strong></span> <span class='ocrx_word' id='word_1_43' title='bbox 1054 1016 1177 1058; x_wconf 88' lang='lat' dir='ltr'><strong>manus.</strong></span> 
     </span>
     <span class='ocr_line' id='line_1_8' title="bbox 351 1099 1193 1184; baseline 0 -19"><span class='ocrx_word' id='word_1_44' title='bbox 351 1099 386 1166; x_wconf 84' lang='lat' dir='ltr'><strong>si</strong></span> <span class='ocrx_word' id='word_1_45' title='bbox 409 1100 488 1164; x_wconf 91' lang='lat' dir='ltr'><strong>deus</strong></span> <span class='ocrx_word' id='word_1_46' title='bbox 512 1121 560 1182; x_wconf 84' lang='lat' dir='ltr'><strong>es,</strong></span> <span class='ocrx_word' id='word_1_47' title='bbox 583 1099 645 1164; x_wconf 89' lang='lat' dir='ltr'><strong>tibi</strong></span> <span class='ocrx_word' id='word_1_48' title='bbox 667 1101 761 1183; x_wconf 89' lang='lat' dir='ltr'><strong>turpe</strong></span> <span class='ocrx_word' id='word_1_49' title='bbox 783 1102 875 1164; x_wconf 82' lang='lat' dir='ltr'><strong>tuem</strong></span> <span class='ocrx_word' id='word_1_50' title='bbox 900 1101 1020 1165; x_wconf 87' lang='lat' dir='ltr'><strong>seruire</strong></span> <span class='ocrx_word' id='word_1_51' title='bbox 1044 1101 1193 1184; x_wconf 90' lang='lat' dir='ltr'><strong>puellam.</strong></span> 
     </span>
     <span class='ocr_line' id='line_1_9' title="bbox 393 1205 1189 1289; baseline 0 -17"><span class='ocrx_word' id='word_1_52' title='bbox 393 1206 529 1272; x_wconf 89' lang='lat' dir='ltr'><strong>Inuocet</strong></span> <span class='ocrx_word' id='word_1_53' title='bbox 552 1205 694 1289; x_wconf 76' lang='lat' dir='ltr'><strong>Antiope</strong></span> <span class='ocrx_word' id='word_1_54' title='bbox 718 1227 812 1289; x_wconf 90' lang='lat' dir='ltr'><strong>quem</strong></span> <span class='ocrx_word' id='word_1_55' title='bbox 836 1207 902 1270; x_wconf 89' lang='lat' dir='ltr'><strong>nisi</strong></span> <span class='ocrx_word' id='word_1_56' title='bbox 925 1207 1035 1272; x_wconf 89' lang='lat' dir='ltr'><strong>uincta</strong></span> <span class='ocrx_word' id='word_1_57' title='bbox 1056 1207 1189 1272; x_wconf 80' lang='lat' dir='ltr'><strong>Iouem?</strong></span> 
     </span>
     <span class='ocr_line' id='line_1_10' title="bbox 351 1312 1314 1398; baseline 0 -20"><span class='ocrx_word' id='word_1_58' title='bbox 351 1312 429 1378; x_wconf 84' lang='lat' dir='ltr'><strong>Sola</strong></span> <span class='ocrx_word' id='word_1_59' title='bbox 450 1316 575 1398; x_wconf 84' lang='lat' dir='ltr'><strong>tamen,</strong></span> <span class='ocrx_word' id='word_1_60' title='bbox 599 1333 818 1396; x_wconf 89' lang='lat' dir='ltr'><strong>quaecumque</strong></span> <span class='ocrx_word' id='word_1_61' title='bbox 842 1312 978 1378; x_wconf 86' lang='lat' dir='ltr'><strong>aderant</strong></span> <span class='ocrx_word' id='word_1_62' title='bbox 1000 1315 1035 1378; x_wconf 90' lang='lat' dir='ltr'><strong>iu</strong></span> <span class='ocrx_word' id='word_1_63' title='bbox 1058 1336 1191 1398; x_wconf 92' lang='lat' dir='ltr'><strong>corpore</strong></span> <span class='ocrx_word' id='word_1_64' title='bbox 1211 1314 1314 1398; x_wconf 84' lang='lat' dir='ltr'><strong>uires,</strong></span> 
     </span>
     <span class='ocr_line' id='line_1_11' title="bbox 395 1419 1101 1510; baseline 0.003 -26"><span class='ocrx_word' id='word_1_65' title='bbox 395 1419 534 1510; x_wconf 69' lang='lat' dir='ltr'><strong>Regales</strong></span> <span class='ocrx_word' id='word_1_66' title='bbox 558 1420 700 1484; x_wconf 90' lang='lat' dir='ltr'><strong>manicas</strong></span> <span class='ocrx_word' id='word_1_67' title='bbox 723 1420 812 1504; x_wconf 91' lang='lat' dir='ltr'><strong>rupit</strong></span> <span class='ocrx_word' id='word_1_68' title='bbox 835 1423 971 1505; x_wconf 87' lang='lat' dir='ltr'><strong>utraque</strong></span> <span class='ocrx_word' id='word_1_69' title='bbox 995 1443 1101 1486; x_wconf 87' lang='lat' dir='ltr'><strong>manu.</strong></span> 
     </span>
     <span class='ocr_line' id='line_1_12' title="bbox 209 1525 1203 1612; baseline 0.005 -23"><span class='ocrx_word' id='word_1_70' title='bbox 209 1582 213 1589; x_wconf 89' lang='lat'>.</span> <span class='ocrx_word' id='word_1_71' title='bbox 307 1526 430 1591; x_wconf 73' lang='lat' dir='ltr'><strong>eslnde</strong></span> <span class='ocrx_word' id='word_1_72' title='bbox 454 1525 659 1592; x_wconf 73' lang='lat' dir='ltr'><strong>Cithaeronis</strong></span> <span class='ocrx_word' id='word_1_73' title='bbox 683 1526 797 1592; x_wconf 91' lang='lat' dir='ltr'><strong>timido</strong></span> <span class='ocrx_word' id='word_1_74' title='bbox 820 1527 900 1612; x_wconf 92' lang='lat' dir='ltr'><strong>pede</strong></span> <span class='ocrx_word' id='word_1_75' title='bbox 923 1528 1025 1594; x_wconf 91' lang='lat' dir='ltr'><strong>currit</strong></span> <span class='ocrx_word' id='word_1_76' title='bbox 1048 1529 1084 1592; x_wconf 89' lang='lat' dir='ltr'><strong>in</strong></span> <span class='ocrx_word' id='word_1_77' title='bbox 1107 1551 1203 1595; x_wconf 89' lang='lat' dir='ltr'><strong>arces.</strong></span> 
     </span>
     <span class='ocr_line' id='line_1_13' title="bbox 394 1633 1121 1720; baseline 0.001 -21"><span class='ocrx_word' id='word_1_78' title='bbox 394 1633 469 1699; x_wconf 84' lang='lat' dir='ltr'><strong>Nox</strong></span> <span class='ocrx_word' id='word_1_79' title='bbox 493 1636 576 1717; x_wconf 85' lang='lat' dir='ltr'><strong>erat,</strong></span> <span class='ocrx_word' id='word_1_80' title='bbox 600 1636 633 1697; x_wconf 93' lang='lat' dir='ltr'><strong>et</strong></span> <span class='ocrx_word' id='word_1_81' title='bbox 654 1654 768 1716; x_wconf 89' lang='lat' dir='ltr'><strong>sparso</strong></span> <span class='ocrx_word' id='word_1_82' title='bbox 792 1634 886 1698; x_wconf 87' lang='lat' dir='ltr'><strong>triste</strong></span> <span class='ocrx_word' id='word_1_83' title='bbox 910 1634 1014 1699; x_wconf 83' lang='lat' dir='ltr'><strong>cubile</strong></span> <span class='ocrx_word' id='word_1_84' title='bbox 1038 1635 1121 1720; x_wconf 84' lang='lat' dir='ltr'><strong>gelu.</strong></span> 
     </span>
     <span class='ocr_line' id='line_1_14' title="bbox 352 1739 1147 1824; baseline 0.003 -19"><span class='ocrx_word' id='word_1_85' title='bbox 352 1739 455 1824; x_wconf 85' lang='lat' dir='ltr'><strong>Saepe</strong></span> <span class='ocrx_word' id='word_1_86' title='bbox 478 1761 564 1824; x_wconf 84' lang='lat' dir='ltr'><strong>uago</strong></span> <span class='ocrx_word' id='word_1_87' title='bbox 588 1739 691 1823; x_wconf 85' lang='lat' dir='ltr'><strong>Asopi</strong></span> <span class='ocrx_word' id='word_1_88' title='bbox 715 1741 825 1804; x_wconf 89' lang='lat' dir='ltr'><strong>sonitu</strong></span> <span class='ocrx_word' id='word_1_89' title='bbox 847 1744 997 1823; x_wconf 88' lang='lat' dir='ltr'><strong>permota</strong></span> <span class='ocrx_word' id='word_1_90' title='bbox 1018 1742 1147 1808; x_wconf 91' lang='lat' dir='ltr'><strong>fluentis</strong></span> 
     </span>
     <span class='ocr_line' id='line_1_15' title="bbox 396 1844 1100 1932; baseline 0.004 -21"><span class='ocrx_word' id='word_1_91' title='bbox 396 1844 557 1911; x_wconf 78' lang='lat' dir='ltr'><strong>Credebat</strong></span> <span class='ocrx_word' id='word_1_92' title='bbox 580 1847 729 1911; x_wconf 88' lang='lat' dir='ltr'><strong>dominae</strong></span> <span class='ocrx_word' id='word_1_93' title='bbox 753 1868 837 1930; x_wconf 91' lang='lat' dir='ltr'><strong>pone</strong></span> <span class='ocrx_word' id='word_1_94' title='bbox 860 1847 970 1912; x_wconf 89' lang='lat' dir='ltr'><strong>uenire</strong></span> <span class='ocrx_word' id='word_1_95' title='bbox 993 1848 1100 1932; x_wconf 92' lang='lat' dir='ltr'><strong>pedes.</strong></span> 
     </span>
     <span class='ocr_line' id='line_1_16' title="bbox 351 1953 1277 2038; baseline 0.002 -20"><span class='ocrx_word' id='word_1_96' title='bbox 351 1953 397 2018; x_wconf 75' lang='lat' dir='ltr'><strong>ht</strong></span> <span class='ocrx_word' id='word_1_97' title='bbox 420 1954 536 2018; x_wconf 87' lang='lat' dir='ltr'><strong>durum</strong></span> <span class='ocrx_word' id='word_1_98' title='bbox 559 1954 696 2018; x_wconf 87' lang='lat' dir='ltr'><strong>Zethum</strong></span> <span class='ocrx_word' id='word_1_99' title='bbox 719 1957 753 2017; x_wconf 91' lang='lat' dir='ltr'><strong>et</strong></span> <span class='ocrx_word' id='word_1_100' title='bbox 775 1953 916 2018; x_wconf 87' lang='lat' dir='ltr'><strong>lacrimis</strong></span> <span class='ocrx_word' id='word_1_101' title='bbox 940 1954 1128 2038; x_wconf 86' lang='lat' dir='ltr'><strong>Amphiona</strong></span> <span class='ocrx_word' id='word_1_102' title='bbox 1150 1957 1277 2022; x_wconf 90' lang='lat' dir='ltr'><strong>mollem</strong></span> 
     </span>
     <span class='ocr_line' id='line_1_17' title="bbox 308 2061 1141 2144; baseline 0.002 -18"><span class='ocrx_word' id='word_1_103' title='bbox 308 2078 342 2126; x_wconf 87' lang='lat'><strong>30</strong></span> <span class='ocrx_word' id='word_1_104' title='bbox 397 2061 541 2144; x_wconf 81' lang='lat' dir='ltr'><strong>Experta</strong></span> <span class='ocrx_word' id='word_1_105' title='bbox 564 2064 615 2126; x_wconf 87' lang='lat' dir='ltr'><strong>est</strong></span> <span class='ocrx_word' id='word_1_106' title='bbox 638 2061 775 2126; x_wconf 91' lang='lat' dir='ltr'><strong>stabulis</strong></span> <span class='ocrx_word' id='word_1_107' title='bbox 799 2064 902 2125; x_wconf 87' lang='lat' dir='ltr'><strong>mater</strong></span> <span class='ocrx_word' id='word_1_108' title='bbox 925 2062 1042 2126; x_wconf 81' lang='lat' dir='ltr'><strong>abacta</strong></span> <span class='ocrx_word' id='word_1_109' title='bbox 1066 2064 1141 2129; x_wconf 90' lang='lat' dir='ltr'><strong>suis.</strong></span> 
     </span>
     <span class='ocr_line' id='line_1_18' title="bbox 353 2167 1249 2256; baseline 0.007 -25"><span class='ocrx_word' id='word_1_110' title='bbox 353 2167 399 2232; x_wconf 89' lang='lat' dir='ltr'><strong>At</strong></span> <span class='ocrx_word' id='word_1_111' title='bbox 421 2168 537 2251; x_wconf 85' lang='lat' dir='ltr'><strong>ueluti,</strong></span> <span class='ocrx_word' id='word_1_112' title='bbox 560 2188 697 2250; x_wconf 82' lang='lat' dir='ltr'><strong>magnos</strong></span> <span class='ocrx_word' id='word_1_113' title='bbox 721 2190 794 2232; x_wconf 91' lang='lat' dir='ltr'><strong>eum</strong></span> <span class='ocrx_word' id='word_1_114' title='bbox 817 2172 943 2252; x_wconf 88' lang='lat' dir='ltr'><strong>ponunt</strong></span> <span class='ocrx_word' id='word_1_115' title='bbox 967 2191 1108 2254; x_wconf 86' lang='lat' dir='ltr'><strong>aequora</strong></span> <span class='ocrx_word' id='word_1_116' title='bbox 1131 2177 1249 2256; x_wconf 90' lang='lat' dir='ltr'><strong>motus,</strong></span> 
     </span>
     <span class='ocr_line' id='line_1_19' title="bbox 398 2274 1077 2341; baseline 0.001 -1"><span class='ocrx_word' id='word_1_117' title='bbox 398 2275 505 2340; x_wconf 80' lang='lat' dir='ltr'><strong>Eurus</strong></span> <span class='ocrx_word' id='word_1_118' title='bbox 528 2275 563 2338; x_wconf 90' lang='lat' dir='ltr'><strong>in</strong></span> <span class='ocrx_word' id='word_1_119' title='bbox 586 2275 739 2339; x_wconf 89' lang='lat' dir='ltr'><strong>aduersos</strong></span> <span class='ocrx_word' id='word_1_120' title='bbox 763 2275 881 2338; x_wconf 91' lang='lat' dir='ltr'><strong>desinit</strong></span> <span class='ocrx_word' id='word_1_121' title='bbox 902 2275 948 2338; x_wconf 89' lang='lat' dir='ltr'><strong>ire</strong></span> <span class='ocrx_word' id='word_1_122' title='bbox 972 2274 1077 2341; x_wconf 91' lang='lat' dir='ltr'><strong>Notos</strong></span> 
     </span>
     <span class='ocr_line' id='line_1_20' title="bbox 353 2381 1166 2464; baseline 0.004 -19"><span class='ocrx_word' id='word_1_123' title='bbox 353 2381 525 2464; x_wconf 89' lang='lat' dir='ltr'><strong>Litoreque</strong></span> <span class='ocrx_word' id='word_1_124' title='bbox 548 2382 583 2444; x_wconf 93' lang='lat' dir='ltr'><strong>in</strong></span> <span class='ocrx_word' id='word_1_125' title='bbox 605 2382 706 2446; x_wconf 86' lang='lat' dir='ltr'><strong>tacito</strong></span> <span class='ocrx_word' id='word_1_126' title='bbox 731 2381 855 2445; x_wconf 91' lang='lat' dir='ltr'><strong>sonitus</strong></span> <span class='ocrx_word' id='word_1_127' title='bbox 878 2383 1014 2446; x_wconf 87' lang='lat' dir='ltr'><strong>rarescit</strong></span> <span class='ocrx_word' id='word_1_128' title='bbox 1037 2405 1166 2448; x_wconf 88' lang='lat' dir='ltr'><strong>arenae:</strong></span> 
     </span>
     <span class='ocr_line' id='line_1_21' title="bbox 400 2487 1092 2575; baseline 0 -22"><span class='ocrx_word' id='word_1_129' title='bbox 400 2487 466 2574; x_wconf 83' lang='lat' dir='ltr'><strong>Sic,</strong></span> <span class='ocrx_word' id='word_1_130' title='bbox 491 2489 559 2553; x_wconf 88' lang='lat' dir='ltr'><strong>adit</strong></span> <span class='ocrx_word' id='word_1_131' title='bbox 580 2490 618 2551; x_wconf 91' lang='lat' dir='ltr'><strong>ut</strong></span> <span class='ocrx_word' id='word_1_132' title='bbox 639 2487 722 2550; x_wconf 83' lang='lat' dir='ltr'><strong>flexo</strong></span> <span class='ocrx_word' id='word_1_133' title='bbox 746 2487 839 2572; x_wconf 88' lang='lat' dir='ltr'><strong>lapsa</strong></span> <span class='ocrx_word' id='word_1_134' title='bbox 861 2488 970 2572; x_wconf 89' lang='lat' dir='ltr'><strong>puella</strong></span> <span class='ocrx_word' id='word_1_135' title='bbox 994 2510 1092 2575; x_wconf 87' lang='lat' dir='ltr'><strong>genu,</strong></span> 
     </span>
    </p>
   </div>
   <div class='ocr_carea' id='block_1_3' title="bbox 312 2593 1231 2982">
    <p class='ocr_par' dir='ltr' id='par_1_3' title="bbox 312 2593 1231 2982">
     <span class='ocr_line' id='line_1_22' title="bbox 312 2593 1160 2681; baseline 0.004 -22"><span class='ocrx_word' id='word_1_136' title='bbox 312 2593 436 2661; x_wconf 75' lang='lat' dir='ltr'><strong>etSera</strong></span> <span class='ocrx_word' id='word_1_137' title='bbox 459 2600 569 2661; x_wconf 90' lang='lat' dir='ltr'><strong>tamen</strong></span> <span class='ocrx_word' id='word_1_138' title='bbox 591 2595 696 2680; x_wconf 88' lang='lat' dir='ltr'><strong>pietas</strong></span> <span class='ocrx_word' id='word_1_139' title='bbox 720 2596 807 2660; x_wconf 87' lang='lat' dir='ltr'><strong>natis</strong></span> <span class='ocrx_word' id='word_1_140' title='bbox 832 2599 865 2660; x_wconf 90' lang='lat' dir='ltr'><strong>et</strong></span> <span class='ocrx_word' id='word_1_141' title='bbox 887 2597 1038 2681; x_wconf 82' lang='lat' dir='ltr'><strong>cognitus</strong></span> <span class='ocrx_word' id='word_1_142' title='bbox 1062 2619 1160 2662; x_wconf 88' lang='lat' dir='ltr'><strong>error.</strong></span> 
     </span>
     <span class='ocr_line' id='line_1_23' title="bbox 400 2701 1082 2787; baseline 0 -21"><span class='ocrx_word' id='word_1_143' title='bbox 400 2703 507 2787; x_wconf 83' lang='lat' dir='ltr'><strong>Digne</strong></span> <span class='ocrx_word' id='word_1_144' title='bbox 529 2701 617 2767; x_wconf 90' lang='lat' dir='ltr'><strong>Iouis</strong></span> <span class='ocrx_word' id='word_1_145' title='bbox 640 2705 735 2767; x_wconf 87' lang='lat' dir='ltr'><strong>natos</strong></span> <span class='ocrx_word' id='word_1_146' title='bbox 760 2703 814 2787; x_wconf 92' lang='lat' dir='ltr'><strong>qui</strong></span> <span class='ocrx_word' id='word_1_147' title='bbox 837 2707 947 2768; x_wconf 88' lang='lat' dir='ltr'><strong>tueare</strong></span> <span class='ocrx_word' id='word_1_148' title='bbox 972 2725 1082 2787; x_wconf 86' lang='lat' dir='ltr'><strong>senex,</strong></span> 
     </span>
     <span class='ocr_line' id='line_1_24' title="bbox 354 2807 1231 2893; baseline 0.005 -21"><span class='ocrx_word' id='word_1_149' title='bbox 354 2807 402 2872; x_wconf 79' lang='lat' dir='ltr'><strong>Tu</strong></span> <span class='ocrx_word' id='word_1_150' title='bbox 425 2808 532 2873; x_wconf 86' lang='lat' dir='ltr'><strong>reddis</strong></span> <span class='ocrx_word' id='word_1_151' title='bbox 556 2808 664 2893; x_wconf 90' lang='lat' dir='ltr'><strong>pueris</strong></span> <span class='ocrx_word' id='word_1_152' title='bbox 687 2811 838 2893; x_wconf 84' lang='lat' dir='ltr'><strong>matrem,</strong></span> <span class='ocrx_word' id='word_1_153' title='bbox 861 2809 1016 2893; x_wconf 90' lang='lat' dir='ltr'><strong>puerique</strong></span> <span class='ocrx_word' id='word_1_154' title='bbox 1040 2811 1231 2877; x_wconf 88' lang='lat' dir='ltr'><strong>trahendam</strong></span> 
     </span>
     <span class='ocr_line' id='line_1_25' title="bbox 399 2915 1137 2982; baseline 0.003 -2"><span class='ocrx_word' id='word_1_155' title='bbox 399 2915 582 2980; x_wconf 87' lang='lat' dir='ltr'><strong>Vinxerunt</strong></span> <span class='ocrx_word' id='word_1_156' title='bbox 604 2916 723 2979; x_wconf 87' lang='lat' dir='ltr'><strong>Dircen</strong></span> <span class='ocrx_word' id='word_1_157' title='bbox 747 2916 806 2979; x_wconf 91' lang='lat' dir='ltr'><strong>sub</strong></span> <span class='ocrx_word' id='word_1_158' title='bbox 830 2916 930 2980; x_wconf 90' lang='lat' dir='ltr'><strong>trucis</strong></span> <span class='ocrx_word' id='word_1_159' title='bbox 954 2939 1012 2981; x_wconf 90' lang='lat' dir='ltr'><strong>ora</strong></span> <span class='ocrx_word' id='word_1_160' title='bbox 1034 2918 1137 2982; x_wconf 87' lang='lat' dir='ltr'><strong>bouis.</strong></span> 
     </span>
    </p>
   </div>
   <div class='ocr_carea' id='block_1_4' title="bbox 264 3070 1421 4479">
    <p class='ocr_par' dir='ltr' id='par_1_4' title="bbox 264 3070 1421 4479">
     <span class='ocr_line' id='line_1_26' title="bbox 338 3070 1419 3153; baseline 0.007 -27"><span class='ocrx_word' id='word_1_161' title='bbox 338 3072 407 3127; x_wconf 77' lang='lat' dir='ltr'><strong>Vsa.</strong></span> <span class='ocrx_word' id='word_1_162' title='bbox 427 3088 503 3127; x_wconf 75' lang='lat' dir='ltr'><strong>nnus.</strong></span> <span class='ocrx_word' id='word_1_163' title='bbox 555 3077 587 3124; x_wconf 81' lang='lat'><strong>15</strong></span> <span class='ocrx_word' id='word_1_164' title='bbox 619 3070 747 3140; x_wconf 76' lang='lat' dir='ltr'><strong>{pensis</strong></span> <span class='ocrx_word' id='word_1_165' title='bbox 766 3075 789 3122; x_wconf 99' lang='lat' dir='ltr'><strong>V</strong></span> <span class='ocrx_word' id='word_1_166' title='bbox 818 3071 911 3139; x_wconf 88' lang='lat' dir='ltr'><strong>pensis</strong></span> <span class='ocrx_word' id='word_1_167' title='bbox 933 3077 969 3126; x_wconf 78' lang='lat' dir='ltr'><strong>V:</strong></span> <span class='ocrx_word' id='word_1_168' title='bbox 997 3073 1010 3126; x_wconf 83' lang='lat' dir='ltr'><strong>i</strong></span> <span class='ocrx_word' id='word_1_169' title='bbox 1030 3072 1122 3142; x_wconf 90' lang='lat' dir='ltr'><strong>pensis</strong></span> <span class='ocrx_word' id='word_1_170' title='bbox 1146 3079 1167 3125; x_wconf 76' lang='lat' dir='ltr'><strong>V</strong></span> <span class='ocrx_word' id='word_1_171' title='bbox 1194 3073 1328 3144; x_wconf 88' lang='lat' dir='ltr'><strong>impensis</strong></span> <span class='ocrx_word' id='word_1_172' title='bbox 1350 3087 1376 3132; x_wconf 99' lang='grc' dir='ltr'><strong><em>Β</em></strong></span> <span class='ocrx_word' id='word_1_173' title='bbox 1415 3082 1419 3153; x_wconf 98' lang='grc'><strong>1</strong></span> 
     </span>
     <span class='ocr_line' id='line_1_27' title="bbox 264 3158 1418 3238; baseline 0.004 -22"><span class='ocrx_word' id='word_1_174' title='bbox 264 3158 374 3230; x_wconf 63' lang='lat' dir='ltr'><strong>{niquis</strong></span> <span class='ocrx_word' id='word_1_175' title='bbox 393 3165 416 3212; x_wconf 99' lang='lat' dir='ltr'><strong>V</strong></span> <span class='ocrx_word' id='word_1_176' title='bbox 429 3162 439 3228; x_wconf 94' lang='grc'><strong>11</strong></span> <span class='ocrx_word' id='word_1_177' title='bbox 461 3165 493 3215; x_wconf 80' lang='grc'><strong>17</strong></span> <span class='ocrx_word' id='word_1_178' title='bbox 512 3158 542 3214; x_wconf 92' lang='lat' dir='ltr'><strong>in</strong></span> <span class='ocrx_word' id='word_1_179' title='bbox 560 3160 670 3214; x_wconf 89' lang='lat' dir='ltr'><strong>mundis</strong></span> <span class='ocrx_word' id='word_1_180' title='bbox 688 3167 709 3212; x_wconf 90' lang='grc' dir='ltr'><strong><em>Β</em></strong></span> <span class='ocrx_word' id='word_1_181' title='bbox 725 3164 748 3211; x_wconf 97' lang='lat' dir='ltr'><strong>V</strong></span> <span class='ocrx_word' id='word_1_182' title='bbox 764 3164 767 3229; x_wconf 92' lang='grc'><strong>1</strong></span> <span class='ocrx_word' id='word_1_183' title='bbox 787 3160 900 3214; x_wconf 86' lang='lat' dir='ltr'><strong>latitare</strong></span> <span class='ocrx_word' id='word_1_184' title='bbox 919 3160 952 3214; x_wconf 88' lang='lat' dir='ltr'><strong>L.</strong></span> <span class='ocrx_word' id='word_1_185' title='bbox 977 3161 1127 3215; x_wconf 78' lang='lat' dir='ltr'><strong>Muellerus</strong></span> <span class='ocrx_word' id='word_1_186' title='bbox 1152 3163 1162 3231; x_wconf 95' lang='grc'><strong>11</strong></span> <span class='ocrx_word' id='word_1_187' title='bbox 1191 3168 1224 3216; x_wconf 88' lang='grc'><strong>19</strong></span> <span class='ocrx_word' id='word_1_188' title='bbox 1243 3165 1348 3233; x_wconf 89' lang='lat' dir='ltr'><strong>Iupiter</strong></span> <span class='ocrx_word' id='word_1_189' title='bbox 1367 3173 1391 3220; x_wconf 73' lang='lat' dir='ltr'><strong>V</strong></span> <span class='ocrx_word' id='word_1_190' title='bbox 1415 3170 1418 3238; x_wconf 98' lang='grc'><strong>1</strong></span> 
     </span>
     <span class='ocr_line' id='line_1_28' title="bbox 268 3248 1421 3325; baseline 0.005 -20"><span class='ocrx_word' id='word_1_191' title='bbox 268 3250 382 3320; x_wconf 90' lang='lat' dir='ltr'><strong>antiope</strong></span> <span class='ocrx_word' id='word_1_192' title='bbox 398 3254 417 3303; x_wconf 89' lang='lat'>0</span> <span class='ocrx_word' id='word_1_193' title='bbox 437 3249 581 3320; x_wconf 86' lang='lat' dir='ltr'><strong>(anthiope</strong></span> <span class='ocrx_word' id='word_1_194' title='bbox 595 3255 616 3301; x_wconf 74' lang='lat' dir='ltr'><strong>V</strong></span> <span class='ocrx_word' id='word_1_195' title='bbox 630 3248 767 3320; x_wconf 58' lang='grc'><strong>31211120</strong></span> <span class='ocrx_word' id='word_1_196' title='bbox 787 3249 847 3303; x_wconf 87' lang='lat' dir='ltr'><strong>dira</strong></span> <span class='ocrx_word' id='word_1_197' title='bbox 865 3249 987 3303; x_wconf 89' lang='lat' dir='ltr'><strong>cathena</strong></span> <span class='ocrx_word' id='word_1_198' title='bbox 1004 3248 1084 3320; x_wconf 72' lang='grc'><strong>111121</strong></span> <span class='ocrx_word' id='word_1_199' title='bbox 1106 3266 1136 3304; x_wconf 88' lang='lat' dir='ltr'><strong>es</strong></span> <span class='ocrx_word' id='word_1_200' title='bbox 1155 3267 1184 3308; x_wconf 76' lang='grc' dir='ltr'><strong>ςε</strong></span> <span class='ocrx_word' id='word_1_201' title='bbox 1204 3254 1248 3306; x_wconf 91' lang='lat' dir='ltr'><strong>est</strong></span> <span class='ocrx_word' id='word_1_202' title='bbox 1266 3253 1421 3325; x_wconf 76' lang='lat' dir='ltr'><strong>olsemire</strong></span> 
     </span>
     <span class='ocr_line' id='line_1_29' title="bbox 269 3339 1418 3412; baseline 0.004 -18"><span class='ocrx_word' id='word_1_203' title='bbox 269 3345 301 3395; x_wconf 83' lang='lat'><strong>0:</strong></span> <span class='ocrx_word' id='word_1_204' title='bbox 322 3357 432 3396; x_wconf 84' lang='lat' dir='ltr'><strong>seruare</strong></span> <span class='ocrx_word' id='word_1_205' title='bbox 451 3343 474 3390; x_wconf 99' lang='lat' dir='ltr'><strong>V</strong></span> <span class='ocrx_word' id='word_1_206' title='bbox 492 3357 526 3396; x_wconf 88' lang='lat' dir='ltr'><strong>m.</strong></span> <span class='ocrx_word' id='word_1_207' title='bbox 546 3345 565 3395; x_wconf 98' lang='grc'><em>2</em></span> <span class='ocrx_word' id='word_1_208' title='bbox 588 3341 598 3409; x_wconf 92' lang='grc'><strong>11</strong></span> <span class='ocrx_word' id='word_1_209' title='bbox 621 3345 654 3392; x_wconf 80' lang='lat'><strong>22</strong></span> <span class='ocrx_word' id='word_1_210' title='bbox 673 3339 784 3394; x_wconf 89' lang='lat' dir='ltr'><strong>Imictet</strong></span> <span class='ocrx_word' id='word_1_211' title='bbox 801 3345 836 3407; x_wconf 77' lang='lat' dir='ltr'><strong>V,</strong></span> <span class='ocrx_word' id='word_1_212' title='bbox 856 3355 924 3394; x_wconf 89' lang='lat' dir='ltr'><strong>corr.</strong></span> <span class='ocrx_word' id='word_1_213' title='bbox 944 3357 994 3408; x_wconf 80' lang='lat' dir='ltr'><strong>mp.</strong></span> <span class='ocrx_word' id='word_1_214' title='bbox 1014 3357 1047 3394; x_wconf 83' lang='lat' dir='ltr'><strong>m.</strong></span> <span class='ocrx_word' id='word_1_215' title='bbox 1067 3345 1087 3395; x_wconf 84' lang='lat'><strong><em>2</em></strong></span> <span class='ocrx_word' id='word_1_216' title='bbox 1111 3343 1115 3408; x_wconf 94' lang='grc'><strong>1</strong></span> <span class='ocrx_word' id='word_1_217' title='bbox 1136 3340 1270 3412; x_wconf 84' lang='lat' dir='ltr'><strong>anthiope</strong></span> <span class='ocrx_word' id='word_1_218' title='bbox 1287 3349 1309 3395; x_wconf 81' lang='lat' dir='ltr'><strong>V·</strong></span> <span class='ocrx_word' id='word_1_219' title='bbox 1327 3346 1418 3400; x_wconf 82' lang='lat' dir='ltr'><strong>cntio-</strong></span> 
     </span>
     <span class='ocr_line' id='line_1_30' title="bbox 268 3429 1419 3503; baseline 0.002 -16"><span class='ocrx_word' id='word_1_220' title='bbox 268 3449 333 3503; x_wconf 90' lang='lat' dir='ltr'><strong>pem</strong></span> <span class='ocrx_word' id='word_1_221' title='bbox 351 3439 373 3484; x_wconf 95' lang='grc' dir='ltr'><strong><em>Β</em></strong></span> <span class='ocrx_word' id='word_1_222' title='bbox 392 3429 544 3500; x_wconf 72' lang='lat' dir='ltr'><strong>antiope}</strong></span> <span class='ocrx_word' id='word_1_223' title='bbox 562 3432 652 3498; x_wconf 83' lang='lat' dir='ltr'><strong>(erasa</strong></span> <span class='ocrx_word' id='word_1_224' title='bbox 670 3431 710 3500; x_wconf 91' lang='lat' dir='ltr'><strong>m)</strong></span> <span class='ocrx_word' id='word_1_225' title='bbox 728 3433 751 3480; x_wconf 97' lang='lat' dir='ltr'><strong>V</strong></span> <span class='ocrx_word' id='word_1_226' title='bbox 767 3431 771 3498; x_wconf 94' lang='grc'><strong>1</strong></span> <span class='ocrx_word' id='word_1_227' title='bbox 787 3429 883 3483; x_wconf 84' lang='lat' dir='ltr'><strong>uincta</strong></span> <span class='ocrx_word' id='word_1_228' title='bbox 901 3444 929 3487; x_wconf 78' lang='lat' dir='ltr'><strong>s:</strong></span> <span class='ocrx_word' id='word_1_229' title='bbox 950 3429 1027 3483; x_wconf 87' lang='lat' dir='ltr'><strong>uicts</strong></span> <span class='ocrx_word' id='word_1_230' title='bbox 1045 3434 1064 3483; x_wconf 89' lang='lat'>0</span> <span class='ocrx_word' id='word_1_231' title='bbox 1083 3431 1093 3499; x_wconf 92' lang='grc'><strong>11</strong></span> <span class='ocrx_word' id='word_1_232' title='bbox 1112 3437 1147 3484; x_wconf 80' lang='lat'><strong>24</strong></span> <span class='ocrx_word' id='word_1_233' title='bbox 1165 3431 1308 3486; x_wconf 76' lang='lat' dir='ltr'><strong>machinas</strong></span> <span class='ocrx_word' id='word_1_234' title='bbox 1324 3435 1419 3503; x_wconf 66' lang='lat' dir='ltr'><strong>Fiat</strong></span> 
     </span>
     <span class='ocr_line' id='line_1_31' title="bbox 269 3517 1419 3592; baseline 0.001 -16"><span class='ocrx_word' id='word_1_235' title='bbox 269 3519 428 3591; x_wconf 85' lang='lat' dir='ltr'><strong>cytheronis</strong></span> <span class='ocrx_word' id='word_1_236' title='bbox 447 3524 470 3571; x_wconf 99' lang='lat' dir='ltr'><strong>V</strong></span> <span class='ocrx_word' id='word_1_237' title='bbox 488 3537 522 3572; x_wconf 82' lang='lat' dir='ltr'><strong>ri.</strong></span> <span class='ocrx_word' id='word_1_238' title='bbox 542 3523 576 3588; x_wconf 90' lang='grc'><strong>2,</strong></span> <span class='ocrx_word' id='word_1_239' title='bbox 595 3524 620 3570; x_wconf 75' lang='lat' dir='ltr'><strong>V</strong></span> <span class='ocrx_word' id='word_1_240' title='bbox 626 3540 632 3572; x_wconf 73' lang='grc' dir='ltr'><strong>ι</strong></span> <span class='ocrx_word' id='word_1_241' title='bbox 652 3517 782 3572; x_wconf 88' lang='lat' dir='ltr'><strong>citeronis</strong></span> <span class='ocrx_word' id='word_1_242' title='bbox 799 3525 821 3570; x_wconf 96' lang='grc' dir='ltr'><strong><em>Β</em></strong></span> <span class='ocrx_word' id='word_1_243' title='bbox 835 3522 858 3569; x_wconf 97' lang='lat' dir='ltr'><strong>V</strong></span> <span class='ocrx_word' id='word_1_244' title='bbox 877 3517 1011 3572; x_wconf 89' lang='lat' dir='ltr'><strong>ciceronis</strong></span> <span class='ocrx_word' id='word_1_245' title='bbox 1030 3524 1051 3570; x_wconf 76' lang='lat' dir='ltr'><strong>V</strong></span> <span class='ocrx_word' id='word_1_246' title='bbox 1069 3519 1079 3588; x_wconf 90' lang='grc'><strong>11</strong></span> <span class='ocrx_word' id='word_1_247' title='bbox 1098 3525 1132 3572; x_wconf 76' lang='grc'><strong>27</strong></span> <span class='ocrx_word' id='word_1_248' title='bbox 1152 3519 1232 3588; x_wconf 80' lang='lat' dir='ltr'><strong>esopi</strong></span> <span class='ocrx_word' id='word_1_249' title='bbox 1249 3527 1272 3572; x_wconf 83' lang='lat' dir='ltr'>D</span> <span class='ocrx_word' id='word_1_250' title='bbox 1286 3525 1320 3575; x_wconf 90' lang='lat' dir='ltr'><strong>V:</strong></span> <span class='ocrx_word' id='word_1_251' title='bbox 1340 3523 1419 3592; x_wconf 91' lang='lat' dir='ltr'><strong>esopi</strong></span> 
     </span>
     <span class='ocr_line' id='line_1_32' title="bbox 273 3606 1417 3681; baseline 0.003 -19"><span class='ocrx_word' id='word_1_252' title='bbox 273 3609 394 3681; x_wconf 71' lang='lat' dir='ltr'><strong>Vesopi</strong></span> <span class='ocrx_word' id='word_1_253' title='bbox 411 3614 436 3660; x_wconf 75' lang='lat' dir='ltr'><strong>V</strong></span> <span class='ocrx_word' id='word_1_254' title='bbox 454 3606 561 3678; x_wconf 90' lang='lat' dir='ltr'><strong>(aesopi</strong></span> <span class='ocrx_word' id='word_1_255' title='bbox 579 3611 602 3658; x_wconf 97' lang='lat' dir='ltr'><strong>V</strong></span> <span class='ocrx_word' id='word_1_256' title='bbox 621 3625 654 3660; x_wconf 83' lang='lat' dir='ltr'><strong>rc.</strong></span> <span class='ocrx_word' id='word_1_257' title='bbox 673 3610 704 3674; x_wconf 82' lang='lat'><strong>2)</strong></span> <span class='ocrx_word' id='word_1_258' title='bbox 730 3609 740 3676; x_wconf 92' lang='grc'><strong>11</strong></span> <span class='ocrx_word' id='word_1_259' title='bbox 767 3612 802 3661; x_wconf 80' lang='grc'><strong>28</strong></span> <span class='ocrx_word' id='word_1_260' title='bbox 825 3622 897 3675; x_wconf 90' lang='lat' dir='ltr'><strong>pene</strong></span> <span class='ocrx_word' id='word_1_261' title='bbox 915 3613 936 3658; x_wconf 93' lang='grc' dir='ltr'><strong><em>Β</em></strong></span> <span class='ocrx_word' id='word_1_262' title='bbox 951 3610 974 3657; x_wconf 99' lang='lat' dir='ltr'><strong>V</strong></span> <span class='ocrx_word' id='word_1_263' title='bbox 993 3607 1047 3675; x_wconf 84' lang='lat' dir='ltr'><strong>(hic</strong></span> <span class='ocrx_word' id='word_1_264' title='bbox 1064 3623 1115 3675; x_wconf 76' lang='lat' dir='ltr'><strong>rep.</strong></span> <span class='ocrx_word' id='word_1_265' title='bbox 1134 3624 1168 3662; x_wconf 87' lang='lat' dir='ltr'><strong>m.</strong></span> <span class='ocrx_word' id='word_1_266' title='bbox 1188 3613 1207 3663; x_wconf 98' lang='grc'><em>2</em></span> <span class='ocrx_word' id='word_1_267' title='bbox 1228 3612 1310 3678; x_wconf 85' lang='lat' dir='ltr'><strong>pone)</strong></span> <span class='ocrx_word' id='word_1_268' title='bbox 1341 3612 1351 3679; x_wconf 88' lang='grc'><strong>1</strong></span> <span class='ocrx_word' id='word_1_269' title='bbox 1383 3618 1417 3666; x_wconf 78' lang='lat'><strong>29</strong></span> 
     </span>
     <span class='ocr_line' id='line_1_33' title="bbox 269 3693 1417 3770; baseline 0.004 -20"><span class='ocrx_word' id='word_1_270' title='bbox 269 3699 361 3751; x_wconf 81' lang='lat' dir='ltr'><strong>zetum</strong></span> <span class='ocrx_word' id='word_1_271' title='bbox 378 3704 400 3749; x_wconf 96' lang='grc' dir='ltr'><strong><em>Β</em></strong></span> <span class='ocrx_word' id='word_1_272' title='bbox 415 3701 438 3748; x_wconf 99' lang='lat' dir='ltr'><strong>V</strong></span> <span class='ocrx_word' id='word_1_273' title='bbox 456 3700 547 3770; x_wconf 67' lang='lat' dir='ltr'><strong>zetum</strong></span> <span class='ocrx_word' id='word_1_274' title='bbox 563 3702 587 3749; x_wconf 78' lang='lat' dir='ltr'><strong>V</strong></span> <span class='ocrx_word' id='word_1_275' title='bbox 606 3694 710 3750; x_wconf 84' lang='lat' dir='ltr'><strong>cethim</strong></span> <span class='ocrx_word' id='word_1_276' title='bbox 728 3697 821 3765; x_wconf 61' lang='grc'><strong>111130</strong></span> <span class='ocrx_word' id='word_1_277' title='bbox 840 3694 957 3749; x_wconf 88' lang='lat' dir='ltr'><strong>stabulis</strong></span> <span class='ocrx_word' id='word_1_278' title='bbox 977 3709 1005 3751; x_wconf 74' lang='lat' dir='ltr'><strong>s:</strong></span> <span class='ocrx_word' id='word_1_279' title='bbox 1025 3693 1128 3748; x_wconf 88' lang='lat' dir='ltr'><strong>tabulis</strong></span> <span class='ocrx_word' id='word_1_280' title='bbox 1147 3698 1167 3747; x_wconf 90' lang='grc'><strong>0</strong></span> <span class='ocrx_word' id='word_1_281' title='bbox 1187 3697 1197 3764; x_wconf 92' lang='grc'><strong>11</strong></span> <span class='ocrx_word' id='word_1_282' title='bbox 1215 3703 1246 3750; x_wconf 88' lang='grc'><strong>31</strong></span> <span class='ocrx_word' id='word_1_283' title='bbox 1269 3699 1306 3753; x_wconf 93' lang='lat' dir='ltr'><strong>At</strong></span> <span class='ocrx_word' id='word_1_284' title='bbox 1323 3705 1357 3752; x_wconf 74' lang='lat' dir='ltr'><strong>Fe</strong></span> <span class='ocrx_word' id='word_1_285' title='bbox 1375 3702 1417 3755; x_wconf 88' lang='lat' dir='ltr'><strong>Ae</strong></span> 
     </span>
     <span class='ocr_line' id='line_1_34' title="bbox 268 3783 1418 3856; baseline 0.004 -19"><span class='ocrx_word' id='word_1_286' title='bbox 268 3792 290 3837; x_wconf 96' lang='grc' dir='ltr'><strong><em>Β</em></strong></span> <span class='ocrx_word' id='word_1_287' title='bbox 305 3789 330 3835; x_wconf 75' lang='lat' dir='ltr'><strong>V</strong></span> <span class='ocrx_word' id='word_1_288' title='bbox 343 3788 366 3835; x_wconf 99' lang='lat' dir='ltr'><strong>V</strong></span> <span class='ocrx_word' id='word_1_289' title='bbox 393 3786 403 3853; x_wconf 92' lang='grc'><strong>11</strong></span> <span class='ocrx_word' id='word_1_290' title='bbox 430 3791 462 3838; x_wconf 79' lang='grc'><strong>32</strong></span> <span class='ocrx_word' id='word_1_291' title='bbox 489 3786 518 3840; x_wconf 91' lang='lat' dir='ltr'><strong>in</strong></span> <span class='ocrx_word' id='word_1_292' title='bbox 537 3787 805 3840; x_wconf 86' lang='lat' dir='ltr'><strong>sduersos-notos</strong></span> <span class='ocrx_word' id='word_1_293' title='bbox 824 3788 857 3838; x_wconf 88' lang='lat'><strong>0:</strong></span> <span class='ocrx_word' id='word_1_294' title='bbox 877 3783 928 3838; x_wconf 88' lang='lat' dir='ltr'><strong>suh</strong></span> <span class='ocrx_word' id='word_1_295' title='bbox 948 3783 1064 3838; x_wconf 88' lang='lat' dir='ltr'><strong>aduerso</strong></span> <span class='ocrx_word' id='word_1_296' title='bbox 1079 3785 1208 3839; x_wconf 89' lang='lat' dir='ltr'><strong>-notho</strong></span> <span class='ocrx_word' id='word_1_297' title='bbox 1226 3790 1251 3836; x_wconf 74' lang='lat' dir='ltr'><strong>V</strong></span> <span class='ocrx_word' id='word_1_298' title='bbox 1269 3787 1353 3856; x_wconf 73' lang='lat' dir='ltr'><strong>(aeide</strong></span> <span class='ocrx_word' id='word_1_299' title='bbox 1369 3789 1418 3842; x_wconf 91' lang='lat' dir='ltr'><strong>ubi</strong></span> 
     </span>
     <span class='ocr_line' id='line_1_35' title="bbox 270 3871 1417 3944; baseline 0.003 -16"><span class='ocrx_word' id='word_1_300' title='bbox 270 3873 389 3928; x_wconf 88' lang='lat' dir='ltr'><strong>aduerso</strong></span> <span class='ocrx_word' id='word_1_301' title='bbox 400 3875 511 3928; x_wconf 90' lang='lat' dir='ltr'><strong>-noto</strong></span> <span class='ocrx_word' id='word_1_302' title='bbox 530 3874 735 3942; x_wconf 82' lang='lat' dir='ltr'><strong>Lachmaucus)</strong></span> <span class='ocrx_word' id='word_1_303' title='bbox 756 3874 818 3942; x_wconf 87' lang='grc'><strong>1133</strong></span> <span class='ocrx_word' id='word_1_304' title='bbox 837 3871 986 3940; x_wconf 89' lang='lat' dir='ltr'><strong>Litoreque</strong></span> <span class='ocrx_word' id='word_1_305' title='bbox 1005 3873 1035 3926; x_wconf 88' lang='lat' dir='ltr'><strong>in</strong></span> <span class='ocrx_word' id='word_1_306' title='bbox 1053 3874 1165 3942; x_wconf 75' lang='lat' dir='ltr'><strong>scripsi:</strong></span> <span class='ocrx_word' id='word_1_307' title='bbox 1184 3873 1294 3929; x_wconf 80' lang='lat' dir='ltr'><strong>Littera</strong></span> <span class='ocrx_word' id='word_1_308' title='bbox 1313 3875 1417 3944; x_wconf 85' lang='lat' dir='ltr'><strong>(Litore</strong></span> 
     </span>
     <span class='ocr_line' id='line_1_36' title="bbox 270 3959 1418 4031; baseline 0.003 -15"><span class='ocrx_word' id='word_1_309' title='bbox 270 3969 291 4016; x_wconf 81' lang='lat' dir='ltr'><strong>V</strong></span> <span class='ocrx_word' id='word_1_310' title='bbox 309 3980 344 4017; x_wconf 85' lang='lat' dir='ltr'><strong>m.</strong></span> <span class='ocrx_word' id='word_1_311' title='bbox 362 3963 390 4031; x_wconf 90' lang='lat'><strong>1)</strong></span> <span class='ocrx_word' id='word_1_312' title='bbox 410 3961 450 4017; x_wconf 88' lang='lat' dir='ltr'><strong>sic</strong></span> <span class='ocrx_word' id='word_1_313' title='bbox 469 3967 487 4015; x_wconf 88' lang='lat'>0</span> <span class='ocrx_word' id='word_1_314' title='bbox 507 3962 532 4016; x_wconf 89' lang='lat' dir='ltr'><strong>si</strong></span> <span class='ocrx_word' id='word_1_315' title='bbox 550 3976 567 4020; x_wconf 83' lang='grc' dir='ltr'><strong><em>ς</em></strong></span> <span class='ocrx_word' id='word_1_316' title='bbox 587 3963 638 4016; x_wconf 92' lang='lat' dir='ltr'><strong>sub</strong></span> <span class='ocrx_word' id='word_1_317' title='bbox 656 3963 804 4017; x_wconf 76' lang='lat' dir='ltr'><strong>Liuineius</strong></span> <span class='ocrx_word' id='word_1_318' title='bbox 822 3961 917 4016; x_wconf 88' lang='lat' dir='ltr'><strong>Litore</strong></span> <span class='ocrx_word' id='word_1_319' title='bbox 936 3959 1013 4016; x_wconf 90' lang='lat' dir='ltr'><strong>etin</strong></span> <span class='ocrx_word' id='word_1_320' title='bbox 1032 3961 1176 4017; x_wconf 75' lang='lat' dir='ltr'><strong>Caruilius</strong></span> <span class='ocrx_word' id='word_1_321' title='bbox 1202 3964 1212 4031; x_wconf 89' lang='grc'><strong>11</strong></span> <span class='ocrx_word' id='word_1_322' title='bbox 1239 3969 1274 4018; x_wconf 86' lang='grc'><strong>34</strong></span> <span class='ocrx_word' id='word_1_323' title='bbox 1294 3964 1341 4019; x_wconf 84' lang='lat' dir='ltr'><strong>Sic</strong></span> <span class='ocrx_word' id='word_1_324' title='bbox 1359 3965 1418 4021; x_wconf 85' lang='lat' dir='ltr'><strong>adit</strong></span> 
     </span>
     <span class='ocr_line' id='line_1_37' title="bbox 271 4049 1417 4122; baseline 0.001 -14"><span class='ocrx_word' id='word_1_325' title='bbox 271 4054 339 4122; x_wconf 85' lang='lat' dir='ltr'><strong>(scil.</strong></span> <span class='ocrx_word' id='word_1_326' title='bbox 358 4054 452 4121; x_wconf 87' lang='lat' dir='ltr'><strong>natos)</strong></span> <span class='ocrx_word' id='word_1_327' title='bbox 471 4054 582 4121; x_wconf 80' lang='lat' dir='ltr'><strong>scripsi:</strong></span> <span class='ocrx_word' id='word_1_328' title='bbox 603 4051 633 4106; x_wconf 86' lang='lat' dir='ltr'><strong>Si</strong></span> <span class='ocrx_word' id='word_1_329' title='bbox 652 4051 728 4106; x_wconf 88' lang='lat' dir='ltr'><strong>cadit</strong></span> <span class='ocrx_word' id='word_1_330' title='bbox 746 4055 765 4104; x_wconf 89' lang='lat'>0</span> <span class='ocrx_word' id='word_1_331' title='bbox 786 4049 832 4105; x_wconf 81' lang='lat' dir='ltr'><strong>Sic</strong></span> <span class='ocrx_word' id='word_1_332' title='bbox 852 4050 928 4104; x_wconf 85' lang='lat' dir='ltr'><strong>cadit</strong></span> <span class='ocrx_word' id='word_1_333' title='bbox 945 4055 968 4102; x_wconf 97' lang='lat' dir='ltr'><strong>V</strong></span> <span class='ocrx_word' id='word_1_334' title='bbox 986 4068 1020 4105; x_wconf 85' lang='lat' dir='ltr'><strong>m.</strong></span> <span class='ocrx_word' id='word_1_335' title='bbox 1036 4056 1069 4117; x_wconf 87' lang='grc'><strong>2,</strong></span> <span class='ocrx_word' id='word_1_336' title='bbox 1088 4056 1113 4102; x_wconf 76' lang='lat' dir='ltr'><strong>V</strong></span> <span class='ocrx_word' id='word_1_337' title='bbox 1128 4053 1132 4120; x_wconf 92' lang='grc'><strong>1</strong></span> <span class='ocrx_word' id='word_1_338' title='bbox 1148 4052 1180 4104; x_wconf 93' lang='lat' dir='ltr'><strong>ut</strong></span> <span class='ocrx_word' id='word_1_339' title='bbox 1198 4050 1270 4107; x_wconf 86' lang='lat' dir='ltr'><strong>flexo</strong></span> <span class='ocrx_word' id='word_1_340' title='bbox 1284 4053 1417 4116; x_wconf 65' lang='lat' dir='ltr'><strong>Jacobas&#39;z</strong></span> 
     </span>
     <span class='ocr_line' id='line_1_38' title="bbox 270 4138 1415 4212; baseline 0.002 -16"><span class='ocrx_word' id='word_1_341' title='bbox 270 4141 372 4198; x_wconf 87' lang='lat' dir='ltr'><strong>inflexo</strong></span> <span class='ocrx_word' id='word_1_342' title='bbox 393 4148 411 4196; x_wconf 87' lang='lat'>0</span> <span class='ocrx_word' id='word_1_343' title='bbox 437 4145 441 4210; x_wconf 91' lang='grc'><strong>1</strong></span> <span class='ocrx_word' id='word_1_344' title='bbox 466 4143 541 4197; x_wconf 85' lang='lat' dir='ltr'><strong>lassa</strong></span> <span class='ocrx_word' id='word_1_345' title='bbox 560 4157 576 4200; x_wconf 83' lang='grc' dir='ltr'>ς</span> <span class='ocrx_word' id='word_1_346' title='bbox 602 4143 612 4210; x_wconf 94' lang='grc' dir='ltr'><strong>ΙΙ</strong></span> <span class='ocrx_word' id='word_1_347' title='bbox 639 4147 673 4195; x_wconf 81' lang='grc'><strong>35</strong></span> <span class='ocrx_word' id='word_1_348' title='bbox 692 4140 766 4194; x_wconf 88' lang='lat' dir='ltr'><strong>uatis</strong></span> <span class='ocrx_word' id='word_1_349' title='bbox 784 4146 805 4192; x_wconf 76' lang='lat' dir='ltr'><strong>V</strong></span> <span class='ocrx_word' id='word_1_350' title='bbox 825 4143 861 4209; x_wconf 84' lang='lat' dir='ltr'><strong>(et</strong></span> <span class='ocrx_word' id='word_1_351' title='bbox 878 4144 901 4191; x_wconf 99' lang='lat' dir='ltr'><strong>V</strong></span> <span class='ocrx_word' id='word_1_352' title='bbox 918 4157 969 4209; x_wconf 76' lang='lat' dir='ltr'><strong>my.</strong></span> <span class='ocrx_word' id='word_1_353' title='bbox 989 4157 1022 4194; x_wconf 83' lang='lat' dir='ltr'><strong>m.</strong></span> <span class='ocrx_word' id='word_1_354' title='bbox 1042 4141 1072 4209; x_wconf 82' lang='lat'><strong>2)</strong></span> <span class='ocrx_word' id='word_1_355' title='bbox 1090 4138 1093 4211; x_wconf 96' lang='grc'><strong>1</strong></span> <span class='ocrx_word' id='word_1_356' title='bbox 1114 4141 1144 4194; x_wconf 90' lang='lat' dir='ltr'><strong>et</strong></span> <span class='ocrx_word' id='word_1_357' title='bbox 1162 4154 1192 4197; x_wconf 77' lang='lat' dir='ltr'><strong>s:</strong></span> <span class='ocrx_word' id='word_1_358' title='bbox 1213 4143 1256 4196; x_wconf 92' lang='lat' dir='ltr'><strong>est</strong></span> <span class='ocrx_word' id='word_1_359' title='bbox 1274 4148 1293 4197; x_wconf 89' lang='lat'>0</span> <span class='ocrx_word' id='word_1_360' title='bbox 1310 4145 1315 4209; x_wconf 94' lang='grc'><strong>1</strong></span> <span class='ocrx_word' id='word_1_361' title='bbox 1332 4146 1415 4212; x_wconf 85' lang='lat' dir='ltr'><strong>error]</strong></span> 
     </span>
     <span class='ocr_line' id='line_1_39' title="bbox 272 4231 1416 4301; baseline 0 -15"><span class='ocrx_word' id='word_1_362' title='bbox 272 4232 374 4286; x_wconf 80' lang='lat' dir='ltr'><strong>orden</strong></span> <span class='ocrx_word' id='word_1_363' title='bbox 391 4235 425 4301; x_wconf 86' lang='lat' dir='ltr'><strong>(ct</strong></span> <span class='ocrx_word' id='word_1_364' title='bbox 438 4236 461 4283; x_wconf 97' lang='lat' dir='ltr'><strong>V</strong></span> <span class='ocrx_word' id='word_1_365' title='bbox 480 4248 531 4299; x_wconf 75' lang='lat' dir='ltr'><strong>my.</strong></span> <span class='ocrx_word' id='word_1_366' title='bbox 550 4249 584 4285; x_wconf 85' lang='lat' dir='ltr'><strong>m.</strong></span> <span class='ocrx_word' id='word_1_367' title='bbox 604 4236 637 4298; x_wconf 79' lang='lat'><strong>23</strong></span> <span class='ocrx_word' id='word_1_368' title='bbox 657 4246 733 4284; x_wconf 83' lang='lat' dir='ltr'><strong>error</strong></span> <span class='ocrx_word' id='word_1_369' title='bbox 750 4236 772 4281; x_wconf 94' lang='grc' dir='ltr'><strong><em>Β</em></strong></span> <span class='ocrx_word' id='word_1_370' title='bbox 791 4231 853 4300; x_wconf 79' lang='lat' dir='ltr'><strong>rip.)</strong></span> <span class='ocrx_word' id='word_1_371' title='bbox 867 4231 877 4299; x_wconf 91' lang='grc'><strong>11</strong></span> <span class='ocrx_word' id='word_1_372' title='bbox 891 4235 925 4284; x_wconf 86' lang='grc'><strong>36</strong></span> <span class='ocrx_word' id='word_1_373' title='bbox 943 4231 1026 4284; x_wconf 84' lang='lat' dir='ltr'><strong>ustos</strong></span> <span class='ocrx_word' id='word_1_374' title='bbox 1045 4247 1058 4283; x_wconf 86' lang='lat' dir='ltr'><strong>e</strong></span> <span class='ocrx_word' id='word_1_375' title='bbox 1076 4247 1103 4284; x_wconf 82' lang='lat' dir='ltr'><strong>a.</strong></span> <span class='ocrx_word' id='word_1_376' title='bbox 1121 4231 1215 4298; x_wconf 85' lang='lat' dir='ltr'><strong>priore</strong></span> <span class='ocrx_word' id='word_1_377' title='bbox 1233 4235 1324 4284; x_wconf 79' lang='lat' dir='ltr'><strong>ortam</strong></span> <span class='ocrx_word' id='word_1_378' title='bbox 1342 4233 1416 4286; x_wconf 82' lang='lat' dir='ltr'><strong>uide-</strong></span> 
     </span>
     <span class='ocr_line' id='line_1_40' title="bbox 272 4317 1417 4390; baseline -0.001 -16"><span class='ocrx_word' id='word_1_379' title='bbox 272 4325 331 4386; x_wconf 78' lang='lat' dir='ltr'><strong>tur3</strong></span> <span class='ocrx_word' id='word_1_380' title='bbox 349 4320 413 4386; x_wconf 79' lang='lat' dir='ltr'><strong>sort.</strong></span> <span class='ocrx_word' id='word_1_381' title='bbox 432 4321 539 4389; x_wconf 88' lang='lat' dir='ltr'><strong>prolem</strong></span> <span class='ocrx_word' id='word_1_382' title='bbox 565 4322 575 4390; x_wconf 92' lang='grc'><strong>11</strong></span> <span class='ocrx_word' id='word_1_383' title='bbox 602 4324 636 4374; x_wconf 79' lang='grc'><strong>37</strong></span> <span class='ocrx_word' id='word_1_384' title='bbox 655 4319 802 4389; x_wconf 83' lang='lat' dir='ltr'><strong>puerique]</strong></span> <span class='ocrx_word' id='word_1_385' title='bbox 822 4337 835 4372; x_wconf 91' lang='lat' dir='ltr'><strong>s</strong></span> <span class='ocrx_word' id='word_1_386' title='bbox 853 4335 940 4387; x_wconf 80' lang='lat' dir='ltr'><strong>supra</strong></span> <span class='ocrx_word' id='word_1_387' title='bbox 959 4318 988 4386; x_wconf 94' lang='lat' dir='ltr'><strong>iq</strong></span> <span class='ocrx_word' id='word_1_388' title='bbox 1006 4335 1040 4372; x_wconf 84' lang='lat' dir='ltr'><strong>m.</strong></span> <span class='ocrx_word' id='word_1_389' title='bbox 1056 4323 1110 4374; x_wconf 73' lang='lat'><strong>21¹</strong></span> <span class='ocrx_word' id='word_1_390' title='bbox 1137 4319 1147 4386; x_wconf 92' lang='grc'><strong>11</strong></span> <span class='ocrx_word' id='word_1_391' title='bbox 1175 4323 1209 4372; x_wconf 84' lang='grc'><strong>38</strong></span> <span class='ocrx_word' id='word_1_392' title='bbox 1228 4317 1417 4375; x_wconf 82' lang='lat' dir='ltr'><strong>VinceruntV</strong></span> 
     </span>
     <span class='ocr_line' id='line_1_41' title="bbox 274 4406 902 4479; baseline -0.006 -17"><span class='ocrx_word' id='word_1_393' title='bbox 274 4406 412 4462; x_wconf 82' lang='lat' dir='ltr'><strong>Vixerunt</strong></span> <span class='ocrx_word' id='word_1_394' title='bbox 425 4414 449 4461; x_wconf 78' lang='lat' dir='ltr'><strong>V</strong></span> <span class='ocrx_word' id='word_1_395' title='bbox 466 4409 469 4479; x_wconf 95' lang='grc'><strong>1</strong></span> <span class='ocrx_word' id='word_1_396' title='bbox 486 4409 573 4464; x_wconf 88' lang='lat' dir='ltr'><strong>duren</strong></span> <span class='ocrx_word' id='word_1_397' title='bbox 591 4414 611 4460; x_wconf 80' lang='lat' dir='ltr'><strong>V</strong></span> <span class='ocrx_word' id='word_1_398' title='bbox 630 4426 664 4463; x_wconf 86' lang='lat' dir='ltr'><strong>m.</strong></span> <span class='ocrx_word' id='word_1_399' title='bbox 683 4413 699 4467; x_wconf 80' lang='lat'>1</span> <span class='ocrx_word' id='word_1_400' title='bbox 720 4408 826 4464; x_wconf 88' lang='lat' dir='ltr'><strong>dircem</strong></span> <span class='ocrx_word' id='word_1_401' title='bbox 844 4411 902 4460; x_wconf 81' lang='lat' dir='ltr'><strong>DV</strong></span> 
     </span>
    </p>
   </div>
   <div class='ocr_carea' id='block_1_5' title="bbox 0 0 1531 5032">
    <p class='ocr_par' dir='ltr' id='par_1_5' title="bbox 0 0 1531 5032">
     <span class='ocr_line' id='line_1_42' title="bbox 0 0 1531 5032; baseline 0 0"><span class='ocrx_word' id='word_1_402' title='bbox 0 0 1531 5032; x_wconf 95' lang='lat' dir='ltr'><strong> </strong></span> 
     </span>
    </p>
   </div>
  </div>
 </body>
</html>
