3004 5068
645 295 841 352 PROPERTII
860 297 926 351 LlB.
947 297 966 351 1.
987 303 1011 352 5.

805 531 846 603 V.

343 685 468 770 Inuide,
492 688 680 752 tutandum
705 710 802 754 uoces
825 710 991 772 compesce
1014 692 1167 756 molestas

387 792 433 856 Et
456 794 524 858 sine
547 817 607 858 nos
632 817 741 880 cursu,
765 817 828 880 quo
853 816 976 879 sumus,
999 796 1045 860 ire
1068 819 1171 880 peres.
1230 813 1233 818 ’

345 898 428 975 Quid
452 899 514 964 tibi
536 901 600 984 uis,
623 901 758 966 insane?
782 923 871 966 meae
896 903 1014 966 sentire
1037 903 1185 969 furores?

389 1005 520 1091 Infelix,
542 1029 697 1091 properas
721 1008 836 1072 ultima
859 1029 956 1072 nosse
979 1011 1079 1093 mala,

318 1113 389 1178 oEt
412 1113 510 1178 miser
532 1114 664 1198 ignotos
687 1115 827 1199 uestigia
850 1115 934 1178 ferre
958 1137 1014 1198 per
1038 1116 1141 1200 ignes,

388 1219 433 1284 Et
455 1219 564 1285 bibere
588 1243 605 1284 e
628 1223 700 1285 tota
721 1221 830 1286 toxica
852 1220 1030 1287 Thessalia.

344 1324 419 1391 Non
443 1328 492 1389 est
514 1326 571 1394 illu
593 1326 686 1410 uagis
711 1326 844 1410 similis,
867 1327 1009 1410 conlata,
1032 1330 1163 1412 puellis:

388 1432 532 1497 Molliter
554 1433 650 1496 irasci
673 1454 740 1497 non
764 1433 847 1498 solet
870 1434 927 1498 illa
950 1435 1020 1499 sibi.

345 1537 436 1615 Quod
461 1539 488 1603 si
510 1538 648 1602 fortunis
671 1559 738 1604 non
761 1543 812 1603 est
835 1541 997 1605 contrariu
1019 1542 1152 1627 uestris,

302 1663 335 1710 10
389 1645 436 1709 At
458 1645 519 1710 tibi
543 1667 692 1710 curarum
714 1646 806 1710 milia
830 1649 952 1730 quantu
976 1647 1080 1712 debit!

343 1752 420 1819 Non
443 1751 503 1816 tibi
527 1752 593 1815 iam
617 1773 762 1837 somnos,
785 1774 850 1817 non
874 1752 932 1818 illa
954 1753 1115 1836 relinquet
1137 1756 1272 1820 ocellos:

389 1859 451 1923 Illa
474 1858 559 1923 feros
583 1858 699 1922 animis
723 1858 838 1944 alligat
860 1882 925 1924 una
948 1860 1045 1924 uiros.

345 1967 388 2030 A!
413 1987 485 2030 mea
508 1968 711 2048 contemptus
735 1966 884 2049 quotiens
909 1967 949 2031 ed
972 1967 1085 2032 limine
1107 1991 1230 2052 curren,

389 2071 470 2138 Cum
492 2071 554 2135 tibi
577 2071 721 2156 singultu
744 2071 841 2137 fortia
865 2073 965 2138 uerba
988 2074 1115 2159 cudent,

302 2195 334 2245 15
345 2180 390 2245 Et
411 2180 569 2244 tremulus
593 2179 724 2244 maestis
749 2179 871 2244 orietur
894 2181 1023 2245 fletibus
1047 2181 1175 2267 horror,

388 2287 434 2352 Et
455 2287 554 2352 timor
577 2286 749 2351 informem
773 2286 868 2351 ducet
890 2286 924 2350 in
949 2308 1003 2351 ore
1026 2289 1152 2370 notam,

345 2393 390 2458 lm
413 2415 631 2478 quaecumque
654 2394 744 2458 uoles
768 2393 896 2478 fugient
919 2393 979 2457 tibi
1002 2394 1103 2458 uerba
1126 2395 1286 2479 querenti,

388 2499 458 2565 Nec
480 2501 617 2584 poteris,
640 2501 696 2585 qui
719 2501 762 2566 sis
787 2504 844 2565 eut
867 2502 936 2586 ubi,
959 2523 1056 2566 nosse
1080 2499 1185 2565 miser.

345 2606 428 2671 Tum
451 2627 550 2692 graue
574 2608 742 2672 seruitium
764 2610 897 2672 nostrae
921 2628 1036 2692 cogere
1059 2606 1185 2690 puellae

300 2731 334 2779 20
389 2713 535 2799 Discere,
559 2719 592 2778 et
615 2715 779 2779 exclusum
804 2713 880 2799 quid
905 2714 948 2779 sit
972 2714 1062 2779 abire
1086 2714 1230 2800 domum3

247 2883 253 2894 ⁴
328 2890 396 2943 Vin.
415 2910 488 2944 cnon.
525 2889 557 2944 V.
593 2889 679 2944 Nouu
697 2891 782 2959 electo
801 2906 861 2944 cum
880 2891 959 2944 titulo
977 2889 1013 2944 ad
1032 2889 1139 2958 gallum
1158 2891 1226 2944 mo
1250 2891 1259 2958 ΙΙ
1283 2899 1299 2944 2
1320 2911 1408 2960 quae-

256 2995 350 3032 sumus
369 2979 439 3033 coni.
458 2977 617 3044 Hocufftiuc
644 2981 653 3046 ΙΙ
680 2983 793 3032 Aureae
812 2978 1045 3033 Hcmctcrlrucu'uc:
1070 2994 1147 3032 meos
1166 2982 1199 3046 0,
1216 2981 1273 3033 ulei
1291 2983 1367 3048 quod
1387 2989 1408 3034 F

213 3115 215 3120 .
255 3070 288 3122 iu
306 3068 356 3121 luc.
376 3071 393 3120 3
412 3067 463 3120 litt.
484 3067 583 3120 omittit
603 3065 687 3135 (feros
706 3071 731 3120 et
748 3082 825 3120 meos
844 3082 878 3119 m.
898 3069 917 3120 2
936 3067 999 3134 mu.)
1024 3065 1029 3134 Ι
1054 3070 1170 3120 Anosc'e
1190 3072 1248 3120 nv
1271 3070 1281 3136 ΙΙ
1305 3077 1408 3126 tunic

256 3156 294 3209 Et
307 3153 403 3208 bibere
418 3158 440 3204 A
454 3153 588 3223 Ebibere,
607 3160 627 3206 r
642 3154 752 3209 Elibere
771 3159 905 3224 repetunt,
923 3155 954 3208 u‘n
972 3155 1021 3207 hoc
1034 3159 1219 3221 cuppuuctum
1235 3157 1238 3223 Ι
1255 3173 1270 3210 e
1285 3174 1318 3211 eu
1332 3175 1404 3216 corr.

256 3250 279 3296 ll
299 3249 372 3299 unt
402 3247 405 3311 Ι
433 3241 565 3304 tesselicu
583 3247 606 3294 A
625 3241 745 3296 texelice
765 3244 791 3310 (c
809 3259 843 3298 m.
863 3248 882 3299 2
902 3243 1002 3310 dem
1026 3244 1035 3311 ΙΙ
1059 3248 1073 3296 7
1093 3241 1183 3312 magis
1202 3248 1225 3297 A
1243 3263 1255 3317 s
1274 3247 1365 3318 magis
1385 3255 1405 3301 F

257 3336 299 3403 (iu
321 3335 370 3388 hoc
393 3348 461 3387 corr.
485 3347 537 3402 my.
556 3348 590 3385 m.
614 3333 643 3399 2)
674 3332 678 3399 Ι
708 3331 819 3385 conlate
837 3335 873 3384 A:
902 3330 1006 3385 colluto
1025 3335 1057 3400 0,
1083 3333 1155 3400 quod
1177 3339 1215 3388 eet
1237 3341 1404 3406 suspectum

256 3423 358 3478 conieci
376 3437 535 3490 conparque
558 3423 568 3490 ΙΙ
591 3425 607 3474 8
626 3437 682 3476 non
700 3421 772 3474 solet
788 3419 839 3474 ille
856 3419 911 3475 tibi
930 3425 962 3488 ος
982 3419 1052 3474 sciet
1070 3420 1143 3474 Itali
1160 3423 1305 3492 coniecere,
1330 3427 1405 3480 solet

256 3513 318 3567 illu:
337 3510 406 3566 time
426 3511 636 3577 Lachmannus‚
656 3510 709 3564 sibi
728 3525 773 3579 cco
792 3511 901 3578 repomi
920 3510 1002 3564 Misc.
1023 3509 1089 3565 Urit.
1100 3527 1130 3578 p.
1153 3516 1188 3566 73
1201 3514 1211 3581 Ι
1230 3519 1245 3566 9
1266 3513 1340 3579 Quid
1357 3521 1379 3566 D
1396 3515 1400 3584 Ι

256 3600 375 3654 fortunis
391 3631 423 3639 —
438 3598 538 3654 uestris
557 3600 657 3667 scripsi
672 3600 688 3652 l.
704 3599 734 3653 t:
753 3597 825 3652 forte
843 3597 900 3651 ruis
919 3628 948 3637 —
963 3599 1066 3653 nostris
1082 3603 1100 3650 0
1119 3599 1191 3656 forte
1209 3599 1265 3655 tuis
1280 3633 1314 3641 —
1329 3603 1402 3658 uotis

255 3695 280 3741 R
293 3707 327 3742 m.
342 3694 362 3745 2
377 3704 446 3744 corr.
462 3686 528 3757 (tuis
547 3689 627 3742 etium
641 3692 663 3739 v
677 3705 711 3743 m.
726 3694 755 3756 2,
774 3704 842 3756 quac
856 3693 880 3742 et
899 3687 997 3757 ausis),
1017 3687 1088 3743 forts
1103 3689 1203 3744 animis
1218 3721 1250 3729 —
1265 3692 1370 3746 nostris
1384 3707 1400 3749 ς

256 3778 329 3831 forte
349 3776 422 3830 cusis
437 3807 470 3816 —
485 3775 585 3830 uestris
604 3777 752 3844 Heinslue3
777 3794 815 3832 un
838 3775 910 3831 lortc
934 3776 991 3831 suis
1005 3809 1039 3818 —
1053 3777 1172 3832 lucris?
1199 3781 1209 3847 ΙΙ
1238 3785 1268 3832 11
1300 3785 1400 3850 εῦρηοε

256 3871 317 3922 All
351 3867 355 3936 Ι
393 3866 457 3920 Non
484 3863 538 3918 tibi
564 3866 632 3919 tunc
657 3881 781 3935 somnos,
809 3881 864 3919 non
887 3865 939 3919 ille
957 3884 977 3921 r.
998 3866 1093 3920 ocellis
1117 3867 1296 3938 Fonteiuius,
1329 3869 1400 3924 irato

256 3956 305 4012 rel.
326 3955 429 4010 -ooellis
452 3954 646 4023 Burmannus,
675 3955 795 4024 equidem
808 3970 863 4024 pro
883 3953 986 4010 ocellos
1006 3955 1156 4024 aliquando
1174 3957 1277 4012 conieci
1295 3959 1399 4027 opelles

256 4048 325 4116 (coll.
354 4046 423 4100 Hor.
443 4045 518 4114 epist.
538 4043 551 4095 1
576 4048 604 4111 7,
624 4044 666 4112 8),
694 4049 726 4097 ut
752 4049 828 4099 nocte
846 4044 940 4113 dicque
962 4044 1021 4098 siue
1039 4045 1125 4111 quiete
1149 4045 1208 4112 sore
1230 4045 1342 4100 Gallum
1360 4047 1398 4102 ‹li-

257 4141 336 4191 cutur
349 4137 359 4204 ΙΙ
375 4142 406 4188 12
426 4132 539 4204 animis]
559 4133 661 4187 conieci
680 4132 769 4187 omnis
788 4133 805 4187 l.
825 4134 841 4188 l.
859 4129 871 4205 ΙΙ
890 4139 922 4186 13
941 4133 986 4186 Hc
1004 4137 1027 4186 A
1041 4138 1061 4184 1‘
1080 4133 1125 4186 Ah
1138 4140 1160 4185 D
1174 4139 1233 4187 Π
1249 4135 1253 4204 Ι
1269 4135 1398 4202 quociens

256 4232 278 4278 A
305 4228 315 4296 ΙΙ
344 4230 376 4278 15
404 4221 530 4278 tremulis
554 4221 675 4277 moestus
698 4224 721 4271 V
743 4238 779 4274 m.
802 4225 834 4287 2;
857 4220 993 4274 tremulus
1016 4220 1110 4274 mixtis
1132 4221 1314 4291 Burmannus
1335 4226 1344 4292 ΙΙ
1360 4231 1397 4278 ‘lc

258 4315 340 4370 docet
358 4317 415 4363 Ar
437 4313 447 4380 Ι
472 4316 503 4364 17
523 4310 600 4365 uolet
617 4308 766 4364 Suntenlus
798 4311 807 4377 ΙΙ
835 4313 868 4362 18
887 4325 970 4364 nosce
989 4315 1011 4360 D
1024 4313 1047 4360 V
1067 4309 1108 4378 (iu
1125 4311 1174 4365 hoc
1192 4328 1259 4368 corr.
1279 4329 1313 4369 m.
1333 4316 1363 4382 2)
1389 4311 1396 4382 Ι

257 4407 291 4456 20
310 4400 387 4456 edire
405 4405 425 4451 r
444 4417 477 4454 m.
497 4404 512 4453 1
529 4401 533 4468 Ι
550 4398 632 4454 domo
651 4398 846 4454 Euchmunuue
