3052 5044
307 327 369 392 100
660 329 857 388 PROPERTII
875 331 944 390 LIB.
963 335 996 388 II.
1017 333 1074 388 34¹³.

391 491 459 556 Aut
482 492 558 577 quid
580 515 664 560 nunc
688 495 746 560 Tei
769 497 830 560 tibi
852 500 991 580 prosunt
1014 499 1158 564 carmina
1180 498 1289 564 lecta?

346 615 380 664 3ο
436 597 492 664 Nil
515 599 608 666 iuuat
629 602 663 667 in
687 623 806 687 magno
829 606 941 668 noster
965 625 1075 669 amore
1099 626 1205 670 senex.

390 704 439 770 Tu
461 708 615 791 grauibus
638 707 741 774 Musio
765 710 931 774 meliorem
954 711 1080 776 imitere
1104 711 1264 777 Philetam

433 812 479 878 Et
501 836 569 880 non
591 815 697 881 infleti
721 816 849 881 somnia
873 816 1074 882 Callimachi.

389 917 459 983 Iam
483 941 595 986 cursus
618 921 697 986 licet
718 922 830 986 Aetoli
853 922 974 987 referes
998 922 1149 1007 Acheloi,

433 1025 578 1092 Fluxerit
600 1032 637 1092 ut
659 1047 779 1114 magno
803 1031 908 1094 tactus
933 1051 1041 1096 amore
1065 1032 1183 1114 liquor,

343 1129 496 1218 soAtque
520 1135 619 1200 etiam
642 1140 679 1199 ut
701 1134 843 1220 Phrygio
867 1136 968 1202 fallax
991 1135 1179 1201 Maeandria
1201 1160 1318 1222 campo

434 1239 534 1307 Errat
557 1246 590 1307 et
612 1242 685 1326 ipsa
709 1263 783 1306 suas
808 1243 928 1328 decipit
951 1243 1035 1308 unda
1058 1244 1142 1327 uias,

389 1345 499 1422 Qualis
523 1351 555 1412 et
577 1348 712 1414 Adrasti
734 1348 833 1414 fuerit
855 1351 976 1416 uocalis
1001 1351 1105 1416 Arion

432 1453 553 1520 Tristia
577 1456 615 1519 ad
639 1454 831 1522 Archemori
854 1457 968 1522 funera
992 1457 1097 1522 uictor
1119 1478 1226 1542 equos

385 1558 461 1625 Non
484 1583 570 1626 nunc
594 1559 831 1645 Amphiaraeae
854 1563 982 1648 prosint
1003 1564 1066 1628 tibi
1089 1562 1158 1627 fata

341 1679 375 1730 40
431 1665 613 1752 Quadrigas
637 1673 694 1733 aut
716 1667 859 1753 Capanei
883 1673 978 1756 grata
1001 1671 1095 1734 ruina
1116 1668 1202 1752 loui3

384 1772 504 1838 Desine
528 1777 561 1838 et
587 1774 769 1859 Aeschyleo
793 1797 986 1860 componere
1009 1777 1111 1841 uerba
1134 1777 1304 1856 cothurno,

429 1880 548 1945 Desine
572 1885 605 1946 et
629 1882 669 1946 ad
692 1884 806 1948 molles
830 1884 954 1949 soluere
978 1885 1124 1948 membra
1147 1883 1274 1949 choros:

299 2041 512 2052 -—..—.

367 2125 437 2183 Vra.
456 2146 530 2182 naor.
577 2134 611 2183 29
635 2145 709 2183 nunc
728 2129 779 2183 Tei
802 2130 914 2198 scripsi=
942 2129 1086 2184 cretheio
1112 2128 1236 2183 erecthei
1254 2133 1277 2181 V
1298 2147 1353 2200 my.
1372 2135 1441 2186 m.2

298 2216 405 2271 erechti
422 2222 446 2269 0
465 2218 577 2286 Tyrtaei
597 2203 670 2272 Itali
687 2217 800 2272 Lucreti
819 2217 941 2289 Scaiiper
963 2217 1107 2288 Smyrnaei
1125 2219 1260 2280 Heinsius
1278 2220 1307 2272 et
1325 2217 1441 2273 Aetnaei

296 2304 418 2360 Jacobue
441 2306 571 2376 Gargetti
600 2307 724 2377 Uuperns
747 2323 798 2376 epe
823 2305 885 2361 Chii
911 2308 945 2361 L.
971 2308 1135 2373 Muellerum
1164 2308 1198 2374 cf.
1220 2307 1346 2378 Prolepp.
1374 2309 1384 2377 ΙΙ
1411 2313 1441 2360 30

294 2396 390 2448 noster
407 2401 429 2447 0
443 2401 476 2449 F:
496 2399 588 2450 uester
606 2399 629 2447 V
643 2400 666 2447 V
684 2397 694 2465 ΙΙ
713 2401 745 2449 31
765 2394 899 2464 grauibus
918 2395 1003 2450 Musis
1022 2395 1167 2450 meliorem
1186 2397 1286 2465 scripsi
1303 2397 1352 2464 (cf.
1374 2396 1440 2448 Pro-

295 2483 385 2553 lepp.):
405 2483 491 2538 satius
510 2485 628 2553 (santius
643 2491 663 2537 F
679 2484 769 2539 sacius
782 2488 847 2553 BV)
866 2483 952 2538 musis
967 2501 1118 2540 memorem
1133 2488 1151 2535 0
1171 2485 1336 2552 (memorem
1356 2483 1439 2538 musis

293 2575 317 2623 V
334 2591 368 2626 in.
388 2578 408 2629 2
427 2578 451 2626 1s
470 2573 613 2629 meliorem
633 2574 718 2628 musis
738 2577 779 2643 ς);
805 2573 892 2628 satius
911 2573 1107 2629 Mimnermum
1126 2577 1176 2628 aut
1200 2572 1288 2629 Coum
1306 2573 1440 2628 Heinsius

295 2661 382 2716 satius
401 2679 509 2718 mirsam
529 2662 663 2718 leuiorem
681 2663 700 2717 i.
719 2663 847 2717 Philotae
867 2663 1017 2717 Sontenius
1036 2662 1123 2717 satius
1141 2663 1232 2718 teneri
1249 2663 1325 2718 luens
1345 2663 1364 2718 i.
1379 2660 1440 2716 Phi·

294 2751 368 2805 letae
401 2752 535 2807 Eidilcius
566 2750 656 2806 Latiis
687 2755 815 2807 tenerum
848 2751 934 2805 Musis
966 2751 1126 2819 Hoeufftiue
1157 2753 1258 2806 Battus
1290 2767 1440 2807 memorem

296 2838 383 2893 Musis
409 2841 605 2896 Lachmannus
633 2841 722 2896 satius
744 2841 889 2911 Meropem
911 2840 998 2894 Musis
1020 2840 1142 2895 Jocobus
1159 2843 1252 2911 itaque
1270 2842 1325 2911 (sed
1344 2840 1439 2906 Latiis)

293 2928 430 2997 Berpkius
453 2929 544 2984 socius
566 2931 652 2985 Musis
674 2930 835 2985 Mimnermi
857 2929 1053 2999 Hertrberpius
1076 2928 1163 2984 satius
1186 2945 1339 2985 memorem
1366 2929 1440 2983 lusus

299 3017 436 3086 Unquam
465 3018 551 3073 satius
573 3021 740 3088 suspectauit
762 3019 933 3073 Schraderns
956 3017 1051 3087 potius
1070 3035 1227 3088 mononem
1256 3022 1261 3087 Ι
1290 3019 1439 3073 mitterer

295 3105 429 3173 (imittere
448 3125 481 3161 m.
501 3109 532 3176 2)
549 3110 553 3176 Ι
569 3107 703 3177 philitam
722 3107 910 3161 ostiliter
929 3107 1034 3176 philita
1051 3112 1075 3159 a
1094 3109 1105 3176 Ι
1124 3113 1157 3161 30
1176 3107 1268 3161 inflati
1285 3107 1396 3162 somnia
1413 3121 1439 3161 s:
1506 3119 1507 3122 ’

292 3194 398 3250 inflatis
418 3194 512 3251 omnia
529 3201 623 3249 MV
641 3196 765 3253 inflantis
784 3196 878 3251 omnia
896 3201 919 3249 V
934 3198 939 3264 Ι
955 3195 1048 3250 calim.
1062 3201 1083 3248 1³
1097 3197 1107 3266 ΙΙ
1120 3203 1154 3250 33
1173 3196 1233 3251 Iam
1248 3212 1278 3264 ς,
1298 3195 1438 3250 Schneide-

294 3287 396 3340 winns:
416 3285 490 3340 Nam
509 3290 527 3337 0
545 3287 549 3354 Ι
566 3302 661 3340 cursus
680 3302 708 3344 5:
728 3303 824 3339 rursus
843 3290 862 3337 0
879 3286 883 3355 Ι
900 3284 1022 3339 etholil¹
1041 3285 1148 3340 aeth0h
1165 3292 1187 3337 n
1201 3290 1224 3338 V
1241 3289 1245 3352 Ι
1261 3285 1382 3352 acheloy
1395 3288 1417 3333 V
1431 3283 1440 3350 Ι

293 3381 328 3428 34
345 3375 461 3429 Luxerit
478 3375 612 3428 Heinsius
628 3377 632 3440 Ι
648 3377 742 3429 tactus
755 3375 902 3428 Heinsius:
922 3374 1048 3428 saetoso
1067 3373 1173 3428 fractus
1188 3374 1276 3443 ςΙ35
1294 3373 1337 3444 ut]
1353 3374 1383 3428 in
1397 3375 1419 3424 V
1433 3369 1436 3440 j

293 3481 404 3552 phrigia
422 3486 481 3534 Vll
495 3483 504 3550 ΙΙ
518 3488 551 3535 36
571 3479 687 3550 respicit
704 3480 872 3535 Fonteinius
891 3482 901 3549 Ι
920 3487 953 3535 37
973 3479 1094 3534 adrastri
1111 3483 1134 3531 V
1153 3479 1189 3533 ad
1207 3479 1292 3534 rastri
1310 3488 1332 3534 0
1348 3484 1353 3548 Ι
1369 3473 1438 3536 uillis

292 3575 326 3638 F,
346 3587 414 3626 corr.
434 3586 485 3640 inp.
505 3587 539 3625 m.
558 3574 578 3625 2
594 3572 598 3638 Ι
615 3569 694 3624 orion
708 3575 728 3621 F
743 3575 767 3622 V
780 3571 789 3639 ΙΙ
803 3576 838 3625 38
853 3569 957 3624 Tristia
971 3570 1118 3624 Heinsius:
1139 3567 1239 3624 Tristis
1254 3574 1272 3621 0
1289 3572 1293 3638 Ι
1310 3569 1437 3624 aderohe-
1506 3551 1507 3610 l

293 3659 365 3712 mori
382 3664 403 3711 1‘
420 3663 423 3726 Ι
440 3676 526 3727 equos
546 3663 578 3714 0:
598 3676 685 3727 equus
705 3661 744 3730 ςΙΙ
764 3664 797 3712 39
817 3675 889 3713 nunc
909 3659 1018 3714 addidi:
1038 3674 1088 3712 om.
1108 3662 1126 3709 0
1146 3673 1250 3726 magna
1269 3659 1333 3712 odd.
1352 3658 1437 3712 Lact-

291 3763 423 3813 monnus;
453 3749 590 3803 duriorem
609 3749 658 3817 qui
676 3765 786 3803 uersum
804 3751 921 3816 putant,
945 3746 1206 3815 transpositionibus
1227 3746 1373 3815 indulgent
1400 3749 1438 3814 (ut

292 3833 326 3890 L.
348 3834 513 3889 Muellerus:
541 3854 597 3891 non
619 3836 673 3891 tibi
697 3837 851 3906 quadrigae
874 3823 982 3906 prosint
1004 3836 1064 3890 fata
1083 3831 1282 3904 Amphiareae)
1306 3836 1373 3890 haec
1391 3836 1436 3889 illa

291 3925 373 3978 simul
390 3929 525 4005 nutantes
548 3927 552 3993 Ι
574 3925 752 3995 amphiareae
771 3930 830 3979 DV
849 3925 1010 3996 amphiaree
1029 3927 1126 3994 (supra
1145 3926 1192 3979 ait.
1213 3940 1230 3977 a
1248 3941 1282 3978 u.
1298 3929 1317 3979 2
1338 3941 1367 3993 e,
1386 3930 1436 3978 eta

290 4030 377 4082 supro
391 4014 481 4082 prior.
505 4030 520 4067 e
546 4015 654 4083 posi?
680 4015 873 4083 amphiarerae
895 4019 919 4066 n
948 4016 952 4082 Ι
982 4016 1138 4083 prosunt!
1169 4015 1172 4080 Ι
1202 4012 1263 4067 sata
1285 4014 1436 4084 quadrigae

289 4105 330 4157 sie
349 4107 381 4171 0,
401 4103 450 4172 qui
467 4103 501 4157 ab
521 4104 577 4157 Aut
595 4119 622 4157 u.
642 4120 693 4172 seq.
717 4104 830 4158 incohat
860 4105 870 4173 Ι
901 4109 935 4156 40
964 4103 1131 4172 capaneia:
1158 4101 1275 4170 capanei
1294 4105 1436 4173 magneti

290 4209 386 4246 uersus
404 4193 532 4262 explendi
550 4208 636 4247 conso
648 4195 657 4261 ΙΙ
671 4198 704 4246 41
725 4194 755 4246 et
772 4191 894 4246 eschileo
908 4195 975 4244 DV:
995 4192 1024 4245 et
1042 4191 1151 4254 echileo
1166 4194 1189 4258 (s
1203 4207 1290 4260 supro
1304 4209 1344 4248 ec.
1359 4210 1392 4246 m.
1407 4192 1434 4252 2l

291 4284 312 4331 V
332 4280 361 4332 et
378 4279 503 4335 aechileo
522 4284 546 4331 V
565 4280 693 4334 Achilleo
713 4279 836 4347 Scaiiper
852 4281 856 4348 Ι
873 4281 989 4334 coturno
1007 4284 1066 4331 Π
1079 4281 1090 4349 Ι
1103 4285 1136 4332 42
1156 4295 1173 4332 a
1191 4280 1291 4332 molles
1309 4283 1331 4329 r
1349 4283 1412 4335 m.1
1429 4277 1433 4346 Ι

290 4367 399 4421 soluere
417 4370 544 4423 membra
563 4369 710 4422 Heinsius:
730 4368 856 4422 membra
876 4368 985 4423 resolue
1004 4371 1043 4436 01
1067 4368 1165 4422 choros
1183 4371 1206 4419 V
1224 4383 1274 4436 inp.
1294 4384 1329 4423 m.
1349 4373 1384 4437 2,
1401 4371 1430 4420 V:

289 4455 386 4511 th0roe
405 4461 425 4508 V
443 4459 520 4511 toros
538 4461 561 4509 V
579 4460 642 4511 toro
661 4465 683 4509 1)
