3004 5068
485 335 771 392 PROLEGOMENA.
1152 333 1204 388 XV

50 521 162 566 uersos
186 500 304 586 quibus
327 499 491 585 corruptio
515 499 637 566 inuasit
658 498 779 584 gradus
802 499 967 582 accurate,
989 497 1024 562 in
1046 499 1204 580 quantum

52 606 118 670 fieri
140 610 264 692 potest,
288 606 454 672 dinoscere
476 628 541 672 non
564 607 697 691 paulum
720 604 860 690 prodest.

141 711 283 779 Videtur
315 712 394 778 olim
428 713 496 778 siue
529 713 723 798 antiquitate
759 714 895 777 exeunte
934 711 1003 776 siue
1040 711 1074 776 in
1105 709 1204 774 medii

57 820 125 883 aeui
150 820 246 885 initio
270 819 383 884 unicus
407 821 462 903 qui
485 823 625 886 aetatem
659 820 735 884 tulit
765 817 926 902 Propertii
957 818 1056 884 codex
1092 817 1205 882 miser-

55 925 135 990 rima
160 925 412 1010 tristissimaque
435 926 623 992 condicione
645 925 764 990 fuisse:
796 925 1025 1010 quaterniones
1056 923 1206 990 nonnulli

54 1033 285 1118 ecompagine
310 1031 460 1097 dissoluti
482 1032 608 1098 incerta
639 1032 713 1098 sede
742 1031 959 1116 uagabantur,
990 1031 1070 1098 folia
1101 1031 1205 1096 multa

54 1139 171 1221 partim
200 1138 384 1204 exciderant
416 1139 536 1222 partim
568 1139 651 1204 falso
683 1139 755 1204 loco
784 1138 907 1203 inserts
939 1141 1043 1222 erant,
1074 1136 1203 1222 paginis

18 1305 21 1310 r
55 1243 138 1309 haud
162 1245 276 1329 paucis
304 1245 466 1330 scriptura
489 1245 731 1313 characteribus
761 1247 915 1310 constans
938 1244 1126 1310 maiusculis
1150 1265 1202 1308 ue·

54 1354 175 1416 tustate
204 1373 334 1417 corrosa
361 1355 459 1437 atque
488 1352 615 1417 detrita.
661 1351 838 1419 uoluminis
868 1350 982 1436 laceri,
1011 1351 1204 1437 perturbati,

54 1457 136 1522 lectu
163 1457 348 1524 difficillimi
370 1449 492 1524 riouum
520 1459 635 1524 deinde
658 1459 822 1543 exemplar
845 1457 984 1522 confecit
1012 1457 1110 1524 homo
1133 1457 1202 1540 qui-

57 1562 136 1649 dam,
159 1565 214 1648 qui
237 1587 296 1649 pro
320 1565 408 1630 uirili
430 1568 522 1649 perte
546 1586 584 1630 ex
607 1564 779 1650 naufragio
809 1564 953 1630 seruauit
974 1584 1056 1647 quae
1080 1563 1203 1628 seruari

56 1675 239 1753 potuerunt.
269 1673 476 1758 transcripsit
493 1673 594 1737 uerba
613 1673 719 1757 quoad
737 1671 895 1755 dispicere
914 1670 1028 1754 ualuit,
1051 1668 1202 1736 extinctis

56 1781 86 1840 et
108 1779 322 1844 obscuratise
345 1780 529 1845 coniectura
547 1780 687 1844 salutem
705 1778 869 1862 reddebat,
891 1776 1054 1863 fragmina
1068 1776 1203 1840 disiecta

58 1889 89 1947 et
110 1885 271 1969 discerpta
300 1885 495 1971 coniungere
524 1890 557 1951 et
579 1886 614 1950 in
642 1885 788 1952 ordinem
816 1884 962 1970 redigere
986 1882 1110 1950 studuit
1133 1902 1203 1948 sue·

58 2012 145 2056 cessu
167 2013 235 2057 non
254 1991 333 2056 adeo
357 1991 453 2075 felici,
477 1992 640 2076 quiscum
659 1992 764 2056 multa
782 1989 1023 2056 intercidissent
1043 1989 1202 2075 genuinus

58 2120 191 2164 conexus
216 2121 313 2183 saepe
337 2121 410 2164 eum
433 2099 571 2183 latebat;
599 2099 745 2164 restituit
768 2097 904 2183 denique
927 2096 1132 2183 Propertium
1155 2099 1202 2159 ta·

58 2205 118 2268 lem
145 2205 211 2270 fere
240 2206 369 2291 qualem
396 2227 481 2270 nunc
509 2206 543 2270 in
571 2215 598 2271 0
626 2207 781 2271 habemus
815 2203 905 2292 (nam
935 2204 1061 2290 aliquas
1089 2203 1203 2268 turbas

58 2315 196 2396 tempore
229 2313 314 2377 inter
345 2312 436 2376 illurn
466 2315 506 2377 et·
526 2322 553 2378 0
582 2313 786 2379 interiacenti
817 2311 1005 2396 prouenisse
1035 2308 1203 2394 probabile

60 2419 129 2506 est).
166 2419 251 2484 hanc
279 2423 388 2484 autem
416 2419 596 2485 similemue
628 2421 793 2487 fortunam
824 2418 1031 2503 Propertium
1063 2416 1203 2482 subiisse

59 2525 149 2590 hodie
171 2526 317 2611 plerique
341 2525 561 2610 consentiunt3
584 2526 679 2611 pauci
703 2526 789 2591 enim
809 2525 906 2590 etiam
929 2547 1015 2590 nunc
1039 2527 1115 2590 sunt
1137 2544 1202 2588 ore.-

61 2631 123 2697 duli
148 2633 275 2698 famoso
303 2632 351 2697 illi
375 2631 489 2716 Vulpii
516 2632 616 2719 dicto,
646 2635 816 2716 poetarum
845 2631 1063 2716 elegiacorum
1091 2651 1203 2695 ueram

63 2741 93 2802 et
113 2739 277 2823 propriam
300 2738 453 2824 μέθοδον
477 2761 546 2805 esse
570 2735 787 2824 ἀμεθόδειαν,
811 2738 866 2804 sed
885 2761 981 2823 quam
995 2736 1203 2822 compositio-

60 2845 109 2910 nis
140 2850 243 2912 artem
272 2847 305 2910 in
339 2846 448 2912 Ouidii
483 2850 579 2932 atque
612 2845 736 2913 Tibulli
768 2846 928 2931 poematis
961 2865 1135 2930 agnoscere
1168 2865 1205 2908 ac

65 2953 218 3036 suspicere
243 2951 426 3037 didicimus,
455 2953 591 3018 eandem
612 2955 726 3018 nostro
749 2953 818 3017 iure
842 2952 876 3017 in
898 2949 1204 3036 elegiographorum

65 3056 282 3126 Romanorum
302 3059 448 3143 principe
470 3058 666 3146 flagitamus.
699 3061 733 3123 et
752 3058 781 3146 is
803 3061 855 3122 est
875 3059 983 3122 textus
1000 3054 1205 3141 Propertiani

66 3167 163 3230 status
185 3168 223 3230 ut
246 3186 343 3248 saepe
366 3166 599 3230 sententiarum
623 3187 726 3249 praua
740 3163 947 3230 cohaerentia
960 3163 1045 3227 ultro
1059 3162 1204 3225 incurrat

62 3269 95 3332 in
124 3270 231 3337 oculos
265 3274 484 3358 prouocetque
517 3270 755 3359 quodammodo
784 3268 990 3334 succurrendi
1021 3267 1201 3334 conamina.

65 3374 116 3439 sed
136 3378 222 3442 malo
246 3376 364 3442 accidit
385 3377 454 3444 fato
479 3382 516 3443 ut
542 3379 593 3444 uir
619 3399 757 3463 magnus
780 3374 804 3442 I.
828 3374 854 3441 I.
877 3372 1035 3460 Scaliger,
1063 3375 1117 3459 qui
1140 3373 1203 3458 pri-

63 3503 129 3546 mus
150 3483 234 3548 hanc
257 3504 353 3567 opem
375 3485 466 3569 tulit,
493 3488 625 3552 noceret
647 3484 752 3552 multo
775 3483 880 3569 magis
904 3503 1001 3568 quam
1024 3481 1202 3546 adiuuaret.

63 3609 133 3652 nam
155 3611 227 3656 cum
251 3612 349 3655 manu
373 3591 586 3656 audacissima
609 3591 783 3675 eademque
811 3589 943 3653 minime
967 3587 1080 3652 dextra
1102 3587 1202 3671 pluri·

63 3716 128 3760 mas
154 3698 334 3764 carminum
362 3697 539 3781 particulas
568 3698 640 3762 sede
669 3719 726 3762 sua
755 3696 883 3761 eunlsas
905 3694 941 3757 in
970 3694 1071 3760 alium
1094 3694 1202 3759 locum

65 3802 196 3888 migrare
219 3805 357 3890 iuberet,
381 3803 457 3888 quid
481 3804 570 3870 aliud
598 3807 788 3870 consecutus
812 3806 862 3868 est
884 3824 981 3887 quam
1004 3803 1042 3866 ut
1063 3801 1126 3866 hoc
1149 3821 1202 3886 ge-

65 3931 120 3974 nus
150 3909 339 3977 emendandi
371 3932 466 3976 omne
498 3912 673 3977 infamaret
705 3914 737 3976 et
769 3909 888 3976 criticis
923 3911 1029 3974 cetera
1061 3908 1202 3974 cordatis

67 4023 241 4101 suspectum
264 4016 433 4082 redderet?
466 4022 503 4082 ut
516 4018 602 4083 enim
621 4019 659 4084 fit
676 4040 735 4103 per
748 4019 900 4081 naturam
923 4015 1108 4100 humanam,
1127 4014 1202 4078 dum

68 4122 129 4186 eius
150 4126 317 4190 leuitatem
341 4124 434 4190 anxie
452 4125 626 4211 refugiunt,
645 4125 697 4190 uel
714 4124 761 4188 ibi
775 4122 1007 4208 transponendi
1026 4121 1202 4187 remedium

68 4232 271 4311 repudiabant
293 4231 349 4296 ubi
372 4233 589 4298 necessarium
608 4230 710 4318 est*).
736 4232 785 4296 ita
804 4233 910 4296 autem
930 4251 999 4295 sese
1018 4251 1069 4294 res
1088 4230 1201 4297 habet:

136 4370 160 4440 *)
179 4371 317 4442 Scaligeri
330 4353 519 4428 temeritatem
533 4388 621 4441 nuper
640 4371 725 4442 longe
740 4371 885 4442 superauit
902 4370 986 4426 homo
1001 4370 1031 4424 in
1044 4371 1089 4425 his
1103 4371 1202 4427 studiis

76 4456 180 4528 hospes,
208 4461 371 4517 Dominicus
400 4461 522 4528 Carutti,
550 4460 600 4529 qui
626 4459 765 4530 Propertii
793 4460 942 4530 Cynthium
969 4478 994 4516 a.
1015 4467 1083 4516 1869
1107 4461 1204 4531 Hagae
