3004 5068
294 353 319 406 X
722 353 1007 410 PROLEGOMENA.

293 517 433 582 exhibet.
473 517 578 580 inesse
604 515 658 580 bic
686 516 754 581 illic
783 517 886 582 bonas
916 519 1057 584 traditae
1087 520 1264 603 scripturae
1293 521 1447 585 emenda·

292 624 396 688 tiones
427 626 549 687 certum
580 625 642 706 est;
676 621 732 686 sed
760 645 814 687 eas
841 645 908 688 non
937 623 972 688 in
1002 625 1068 688 alio
1099 647 1197 708 quam
1225 627 1445 690 recentiorum

291 730 533 814 philologorum
547 733 731 795 commenta
744 730 866 796 honore
880 733 1050 816 pretioque
1064 753 1135 797 esse
1153 732 1319 798 habendas
1333 735 1446 799 sciunt

291 836 396 920 periti.
428 858 505 900 nam
528 856 588 899 nec
609 834 705 900 hodie
728 835 845 902 desunt
868 840 931 922 qui,
954 839 982 903 si
1005 839 1040 903 in
1062 838 1257 904 deteriorum
1281 841 1444 906 librorum

294 942 402 1027 aliquo
430 941 675 1027 deprehendunt
701 942 857 1008 lectiones
886 945 953 1010 suis
981 945 1174 1010 coniecturis
1201 947 1369 1030 paululum
1391 948 1444 1013 fa-

291 1053 413 1134 uentes,
435 1049 496 1114 has
519 1049 554 1112 in
576 1070 671 1117 usum
693 1071 810 1114 uocare
833 1072 900 1115 non
923 1050 1082 1136 dubitant,
1105 1053 1250 1136 potuisse
1270 1053 1335 1117 illis
1355 1055 1443 1119 anti-

292 1177 389 1238 quam
412 1157 607 1240 scripturam
626 1157 749 1220 seruari
767 1157 954 1222 clamantes.
991 1159 1172 1243 quidquod
1196 1160 1296 1224 etiam
1319 1161 1354 1224 in
1376 1161 1443 1226 hac

294 1262 416 1325 saeculi
438 1262 545 1325 nostri
568 1261 638 1326 luce
662 1265 739 1326 sunt
761 1263 830 1346 qui,
858 1264 934 1347 quia
962 1263 1087 1330 codices
1115 1269 1152 1330 ut
1177 1269 1279 1331 testes
1302 1267 1443 1332 interro-

291 1387 369 1452 gare
387 1389 568 1452 eorumque.
580 1366 676 1432 fidem
695 1368 862 1452 explorare
879 1391 946 1435 non
965 1370 1152 1457 didicerunt,
1180 1394 1291 1438 omnes
1311 1373 1442 1439 codices

292 1494 451 1558 peraeque
474 1475 623 1539 uenerari
645 1497 712 1540 non
735 1475 905 1542 desinant?
936 1479 1090 1543 nimirum
1114 1500 1241 1562 semper
1264 1484 1358 1544 erunt
1380 1481 1443 1548 ho-

292 1581 396 1645 mines
420 1580 476 1663 qui
499 1602 609 1646 seuere
634 1581 798 1666 cogitandi
820 1585 966 1650 laborem
989 1584 1186 1670 refugientes
1210 1586 1245 1649 in
1262 1587 1358 1650 rebus
1378 1587 1443 1652 dif-

291 1687 445 1752 ficillimis
465 1688 559 1773 uagis
578 1687 746 1771 dubiisque
765 1689 972 1773 opinionibus
996 1691 1069 1756 duci
1087 1691 1215 1756 malunt
1233 1715 1330 1776 quam
1349 1699 1443 1759 certa

291 1794 538 1860 ratiocinatione
565 1817 623 1878 per
649 1794 805 1878 impedita
832 1799 865 1861 et
892 1798 1026 1881 spinosa
1057 1797 1097 1861 ad
1124 1819 1237 1862 uerum
1259 1801 1444 1881 peruenire.

292 1901 414 1985 itaque,
438 1905 475 1966 ut
498 1904 622 1966 ceteros
646 1901 836 1986 singillatim
860 1903 984 1968 adferre
1008 1905 1166 1987 omittam,
1188 1925 1292 1988 neque
1314 1905 1443 1972 Mente-

294 2008 399 2072 lianus
424 2010 522 2088 [nunc
540 2007 706 2073 Leidensis
724 2007 809 2073 Bibl.
822 2007 914 2075 Publ.
928 2009 999 2076 Lat.
1016 2011 1078 2074 133
1088 2011 1131 2092 A]
1156 2033 1176 2075 a
1198 2033 1249 2074 me
1272 2012 1443 2096 inspectus

293 2135 397 2197 neque
412 2135 489 2179 uero
504 2113 732 2200 Groninganus
748 2115 910 2196 [biblioth.
925 2116 1011 2182 acad.
1025 2141 1054 2200 y.
1069 2139 1096 2182 a.
1111 2118 1146 2198 4]
1167 2117 1256 2203 digni
1280 2123 1357 2183 sunt
1374 2121 1445 2186 uisi

291 2240 428 2302 quorum
449 2220 542 2284 uaria
564 2220 702 2284 lectione
731 2242 898 2285 onerarem
927 2225 1125 2306 apparatum.
1169 2228 1202 2287 et
1227 2223 1281 2288 hic
1307 2225 1443 2310 quidem

290 2325 373 2390 liber
395 2326 634 2390 recentissimus
665 2324 766 2412 (intra
789 2350 817 2392 a.
843 2328 1065 2394 1460-1470
1089 2330 1228 2413 scriptus
1253 2329 1316 2416 est)
1338 2333 1442 2398 unde-

290 2454 366 2496 nam
388 2433 567 2516 peculiares
594 2432 669 2496 illas
692 2433 861 2517 lectiones,
889 2456 971 2517 quae
998 2435 1160 2519 prioribus
1184 2439 1353 2522 tantopere
1376 2440 1442 2504 im-

290 2543 482 2623 posuerunt,
511 2539 686 2603 maximam
716 2543 841 2623 partem
873 2541 1058 2625 sumpserit,
1088 2563 1127 2605 ex
1155 2546 1268 2608 nostra
1296 2545 1441 2612 editione

290 2645 462 2710 manifeste
484 2645 560 2710 licet
582 2645 691 2710 uidere
715 2643 848 2732 (quippe
862 2645 1057 2711 Vaticanum
1078 2648 1286 2730 potissimum
1305 2651 1441 2735 eiusque

292 2773 425 2816 manum
449 2752 623 2816 secundam
647 2753 799 2838 sequitur,
821 2756 951 2838 praeter
974 2775 1069 2837 quem
1090 2755 1171 2819 alios
1192 2778 1317 2840 quoque
1335 2757 1441 2824 libros

290 2860 502 2943 interpolatos
531 2859 686 2925 electione
714 2859 803 2924 facta
831 2859 979 2924 adhibuit
1006 2859 1202 2944 praebetque
1230 2862 1309 2928 adeo
1332 2886 1441 2931 nouas

292 2965 417 3050 aliquot
435 2965 637 3030 coniecturas
658 2965 819 3029 interdum
837 2963 965 3050 bonas),
983 2970 1021 3031 ut
1040 2967 1079 3031 de
1097 2967 1159 3032 hac
1177 2990 1211 3032 re
1229 2972 1306 3053 post
1324 2970 1439 3035 docto-

290 3093 361 3135 rum
380 3070 616 3156 disputationes
636 3069 691 3158 (cf.
705 3093 752 3136 ex,
767 3092 813 3157 gr.
828 3070 1014 3138 Grummius
1032 3073 1066 3137 in
1084 3079 1325 3160 programmate
1336 3077 1438 3150 ¹Auri-

290 3178 377 3242 censi
393 3200 420 3243 a.
437 3176 536 3262 1868)
551 3177 669 3242 iterum
688 3178 844 3243 disserere
862 3200 947 3244 nunc
967 3179 1095 3264 quidem
1118 3182 1214 3264 plane
1238 3181 1438 3266 superfluum

291 3285 342 3349 sit.
379 3305 582 3367 summopere
606 3288 714 3349 autem
737 3284 919 3350 mirandum
942 3290 993 3351 est
1016 3286 1102 3370 quod
1123 3309 1227 3371 nuper
1249 3287 1288 3354 A.
1303 3288 1436 3354 Palmer

292 3390 472 3472 [Hermath.
495 3390 545 3455 Ill
568 3415 597 3475 p.
624 3392 687 3456 124
704 3394 784 3476 sqq]
815 3391 918 3456 codici
952 3391 1107 3478 scaligeri
1139 3391 1314 3460 Ouiaciano
1347 3418 1436 3464 anno

293 3498 376 3563 1467
401 3497 553 3563 Perusiae
577 3497 751 3562 secundum
774 3498 1042 3583 subscriptionem
1066 3503 1199 3564 exarato
1223 3504 1255 3564 et
1277 3499 1436 3568 Italorum

289 3605 455 3691 figmentis
488 3603 607 3668 referto
637 3604 760 3689 aliquid
792 3605 888 3689 pretii
921 3605 1093 3670 concedere
1126 3607 1257 3691 eiusque
1285 3607 1435 3674 sordibus

288 3714 508 3795 superstruere
540 3710 741 3776 coniecturas
765 3712 937 3794 sustinuit.
990 3712 1135 3777 omnium
1167 3714 1252 3778 enim
1285 3714 1434 3780 codicum

289 3816 491 3900 apertissime
514 3817 802 3900 interpolationem
824 3818 973 3884 Italicam
996 3819 1183 3902 praeferunt
1205 3821 1233 3884 ei
1258 3821 1313 3905 qui
1337 3821 1432 3888 simul

288 3944 360 3986 cum
388 3922 558 4006 Propertio
591 3921 754 3989 Catullum
788 3929 820 3990 et
852 3924 1016 3989 Tibullum
1047 3925 1214 4008 exhibent3
1247 3948 1285 3991 ex
1317 3928 1434 4012 quibus

288 4052 371 4094 unus
394 4029 532 4094 fortasse
552 4029 810 4116 Hamburgensis
835 4032 875 4096 ab
894 4031 1108 4117 Hertzbergio
1132 4031 1297 4098 adhibitus
1321 4056 1358 4099 eo
1377 4057 1421 4100 no

288 4136 373 4200 mine
402 4138 574 4201 memorari
603 4141 745 4202 meretur
768 4137 855 4222 quod
878 4159 916 4201 ex
944 4147 970 4202 F
998 4139 1065 4202 iam
1093 4133 1306 4204 correctorem
1335 4163 1433 4224 passo

288 4243 499 4327 neglegenter
521 4243 735 4326 transcriptus
764 4247 821 4308 est.
848 4281 887 4289 -
912 4244 1029 4310 horum
1053 4245 1211 4310 librorum
1235 4245 1434 4314 deteriorum

290 4349 490 4414 coniecturas
513 4349 700 4433 potissimas
725 4370 742 4419 ς
768 4351 852 4434 siglo
876 4352 926 4416 usi
950 4351 1127 4417 attulimus.

374 4452 465 4520 Licet
483 4459 591 4520 autem
605 4456 726 4521 nostris
746 4457 860 4522 studiis
884 4457 917 4522 id
941 4457 1084 4524 effecisse
1104 4457 1270 4522 uideamur
1288 4462 1327 4523 ut
1345 4481 1433 4526 nunc
