3004 5068
481 369 768 426 PROLEGOMENA.
1139 371 1202 426 XLI

64 539 138 604 tium
169 561 188 602 a
219 537 251 602 Π
284 535 325 600 10
357 535 488 600 initium
520 556 645 600 sumere
677 535 795 618 uoluit,
827 556 900 600 cum
933 539 1047 600 contra
1078 535 1202 618 priores

67 644 116 731 (ut
144 644 367 710 Broukhusius
401 646 433 707 et
464 640 691 726 Burmannus)
724 643 860 727 elegiam
892 641 926 706 II
961 641 1002 707 13
1035 664 1073 707 ex
1105 642 1201 707 161116

66 753 215 818 uolumine
249 774 326 818 casu
359 749 499 836 quodam
532 750 566 814 in
604 749 778 816 secundum
812 750 954 815 delatam
987 769 1058 814 esso
1091 749 1202 833 opina-

67 859 211 946 rentur).

144 965 344 1033 Lachmanni
371 965 490 1032 rationi
517 965 595 1032 licet
622 985 681 1050 per
708 984 743 1030 se
772 986 810 1028 ex
837 967 989 1030 truncato
1023 963 1202 1050 elegiarum

68 1075 95 1140 ll
117 1076 220 1140 6-13
245 1076 334 1139 statu
357 1095 424 1139 non
451 1074 499 1138 116
523 1073 654 1137 difficile
678 1071 888 1156 explicandae
912 1071 992 1136 duae
1015 1075 1126 1136 tamen
1149 1093 1201 1136 res

68 1182 268 1267 grauissimae
296 1183 439 1246 obstant.
485 1202 523 1246 ac
550 1180 692 1264 primum
720 1179 850 1264 quidem
880 1179 1003 1264 optime
1026 1177 1202 1244 adnotante

67 1287 274 1355 Heimrcichio
298 1291 450 1373 [quaestt.
474 1287 568 1371 Prop.
592 1310 622 1371 p.
642 1287 699 1368 32]
724 1285 851 1351 Nonius
869 1308 900 1370 p.
922 1286 984 1352 169
1005 1307 1199 1352 611666116-

67 1399 132 1462 dore
158 1418 287 1462 uersum
314 1395 578 1481 Propertianum,
607 1394 662 1479 qui
689 1394 864 1458 secundnm
887 1391 1089 1458 Lachmanni
1117 1415 1202 1459 com-

66 1503 261 1588 putationem·
278 1504 313 1567 in
336 1503 420 1567 libro
444 1505 533 1566 extat
557 1504 684 1586 quarto,
706 1501 803 1565 tertio
826 1500 936 1585 potius
960 1499 1107 1566 uindicat
1130 1523 1203 1566 con-

67 1613 225 1696 firmatque
249 1611 395 1676 codicum
418 1613 604 1674 nostrorum
628 1606 784 1674 ordinem.
829 1629 905 1672 nam
928 1607 980 1672 hic
1003 1629 1144 1672 errorem
1168 1608 1203 1672 in

67 1717 156 1782 Nonii
182 1718 346 1783 codicibus
375 1716 585 1782 commissum
614 1713 754 1800 (scilicet
781 1713 831 1778 ΙΠ
859 1736 918 1798 pro
947 1713 1014 1778 IIII
1043 1713 1140 1780 solito
1169 1715 1204 1779 in

66 1826 198 1890 numeris
231 1825 311 1890 uitio
344 1825 499 1908 scriptum
533 1820 618 1906 esse)
654 1822 738 1886 uelle
771 1825 929 1906 statuere,
961 1820 1042 1886 mihi
1074 1821 1203 1906 quidem

67 1933 146 1997 omni
167 1932 313 1997 inludere
337 1931 399 1997 arti
422 1931 560 1996 uidetur.
597 1930 706 2014 itaque
729 1951 771 1993 ne
790 1928 1009 1994 coniecturam
1032 1928 1203 1993 fulciamus

66 2040 249 2123 coniectura,
268 2040 323 2105 sed
337 2037 439 2104 Nonii
458 2038 647 2102 testimonio
668 2035 715 2123 (et
734 2036 824 2121 sequi
844 2036 1093 2122 grammaticum
1111 2035 1203 2100 illum

66 2150 181 2211 ueteres
204 2169 325 2231 eosque
348 2145 497 2231 egregios
520 2145 628 2210 fontes
653 2141 794 2230 constat)
819 2143 1009 2226 simpliciter
1028 2163 1203 2227 agnoscen-

66 2253 133 2318 dum
164 2257 214 2318 est
246 2253 351 2317 refelli
379 2251 581 2318 Lachmanni
609 2250 810 2316 diuisionem.
852 2249 974 2316 deinde-
995 2269 1086 2332 uero,
1118 2249 1203 2334 quod

66 2361 159 2426 multo
175 2361 309 2426 maioris
324 2363 375 2424 est
389 2359 554 2443 momenti,
572 2359 636 2423 ista
650 2357 776 2423 ratione
790 2357 930 2442 probata
949 2355 1080 2420 minime
1099 2377 1202 2422 remo-

66 2472 173 2533 uentur
196 2467 404 2533 difficultates
429 2487 574 2532 summae
597 2465 631 2530 in
655 2463 852 2530 carminibus
876 2463 909 2528 id
931 2462 1016 2548 quod
1036 2466 1085 2527 est
1108 2461 1202 2527 1113

65 2575 323 2658 praecedentibus
352 2574 477 2640 obuiae.
522 2573 676 2638 nimirum
704 2570 932 2637 Lachmannus
961 2573 994 2635 et
1022 2570 1202 2634 anteriores

65 2683 115 2747 uni
141 2683 188 2748 illi
217 2682 303 2747 nodo
332 2703 410 2746 sane
438 2681 480 2746 ob
509 2680 618 2745 oculos
652 2679 761 2764 posito
791 2675 838 2765 (II
869 2676 923 2764 13)
952 2676 1107 2743 soluendo
1137 2680 1202 2740 stu*

65 2789 161 2875 duero,
184 2793 291 2856 cetera
314 2789 500 2874 aenigmata
523 2790 669 2853 autnon
692 2789 862 2872 perspecta
884 2785 1041 2857 habentes
1061 2795 1203 2858 autnon

65 2900 213 2963 curantes.

144 3013 269 3079 Nostra
300 3016 337 3077 ut
368 3012 432 3076 fert
465 3011 641 3095 sententia,
672 3033 738 3076 non
770 3033 835 3076 una
868 3013 972 3098 elegia
1001 3014 1035 3079 ΙΙ
1066 3015 1105 3080 13
1130 3016 1204 3081 sede

66 3143 118 3186 sua
139 3121 280 3207 genuina
303 3119 437 3204 depulsa
462 3121 525 3201 est,
553 3118 608 3182 sed
637 3121 709 3182 tota
728 3118 837 3202 aliqua
865 3119 1018 3185 foliorum
1046 3143 1202 3208 compage

65 3227 95 3291 in
132 3226 358 3313 antiquissimo
395 3224 502 3290 codice
541 3246 639 3308 supra
682 3224 874 3291 adumbrato
907 3228 1017 3293 laxata
1056 3228 1203 3314 falseque

66 3334 180 3400 inserta
207 3334 317 3400 omnia
343 3332 415 3408 illa,
443 3354 524 3417 quae
555 3352 641 3395 nunc
669 3331 735 3396 fere
763 3355 783 3396 a
805 3331 838 3396 Π
863 3335 880 3398 7
910 3356 1010 3420 usque
1039 3336 1079 3400 ad
1103 3336 1135 3400 ΙΙ
1162 3337 1202 3400 13

67 3441 218 3526 leguntur,
242 3441 321 3506 olim
345 3442 500 3506 extabant
522 3439 674 3504 intortio
694 3439 868 3504 uolumine.
906 3443 991 3527 quod
1011 3443 1202 3527 explicatius

68 3549 125 3614 iem
148 3570 352 3635 exponemus.

148 3665 180 3731 si
208 3689 228 3730 a
254 3663 287 3728 Π
317 3664 358 3728 13
386 3664 502 3746 pedem
530 3685 746 3747 remouemus,
775 3663 867 3728 adest
896 3664 977 3728 unde
1004 3665 1080 3730 huic
1108 3689 1203 3751 quae·

69 3772 158 3836 stioni
174 3773 278 3837 lucem
298 3771 461 3835 effundere
479 3770 577 3835 liceat
599 3791 728 3835 carmen
746 3768 779 3833 Π
801 3771 851 3834 10.
887 3771 921 3834 in
939 3793 1002 3856 quo
1017 3771 1204 3857 Propertius

70 3877 182 3944 abiecta
204 3879 320 3944 humili
341 3878 433 3963 poesi
462 3878 619 3942 amatoria
647 3899 717 3942 sese
745 3881 914 3942 cantorum
938 3899 1009 3944 esse
1031 3881 1205 3964 profitetur

71 3982 198 4070 Augusti
221 3986 317 4071 facta,
339 4008 404 4052 non
427 3985 571 4069 perfecto
594 3984 627 4049 id
651 3985 781 4069 quidem
804 3985 948 4050 carmine
967 3986 1067 4070 epioe,
1091 3987 1147 4052 sed
1168 3991 1203 4051 ut

131 4253 156 4321 *)
175 4269 240 4308 nam
265 4251 289 4306 si
312 4267 424 4306 carmen
442 4251 468 4304 II
488 4256 521 4306 13
540 4250 694 4322 antiquitus
719 4250 804 4305 161116
823 4249 961 4306 uolumini
979 4252 1041 4305 erat
1057 4250 1203 4322 inscrtum,

73 4343 157 4406 sponte
180 4359 230 4397 sua
254 4342 373 4411 apparet
394 4341 465 4395 bene
489 4341 620 4409 recteque
644 4339 821 4410 Propertium
846 4339 881 4394 de
900 4338 988 4393 tribus
1007 4338 1112 4394 libellis
1130 4342 1202 4396 tcm-

74 4445 145 4495 quam
170 4431 205 4486 ad
230 4429 335 4486 inferos
363 4428 510 4486 comitibus
536 4429 622 4500 loqui,
648 4431 681 4484 ut
708 4429 757 4500 qui
781 4427 858 4484 161111
883 4426 949 4482 libri
975 4427 1127 4485 editionem
1146 4429 1203 4485 iam

74 4523 245 4590 praepararet.
