3004 5068
528 349 814 409 Paounconuun
1220 352 1245 408 V

95 511 284 597 nendum).
321 512 450 597 singula
468 513 612 578 carmina
631 513 814 581 interuallis
832 535 900 582 nou
917 514 1039 580 relictis
1063 514 1247 601 cohaerent,

93 623 134 683 ut
161 623 269 684 tamen
298 618 417 684 litteris
445 618 626 684 initialibus
655 620 721 685 sint
748 621 902 686 distincta
930 623 963 685 et
985 621 1074 685 tituli
1097 645 1117 686 a
1138 623 1245 693 rubri-

93 729 205 792 oatore
231 725 267 790 in
294 725 441 810 margine
470 725 580 792 additi.
625 727 770 810 pertinet
796 748 897 812 usque
921 727 962 792 ad
984 726 1017 794 Π
1043 730 1076 812 1,
1100 729 1156 813 66;
1184 750 1244 794 nec

94 835 205 898 tamen
235 833 364 917 plenior
387 837 458 898 erat
480 836 625 917 tempore
649 832 843 918 Burmanni,
871 835 926 920 qui
949 857 1022 900 eum
1045 835 1244 905 Vossianum

92 937 269 1004 secundum
293 937 444 1023 designat
462 938 662 1024 annonaque
681 939 759 1006 clim
778 938 813 1004 P.
831 938 958 1006 Patauii
977 939 1089 1010 fuisse.
1124 942 1243 1008 librum

91 1045 296 1130 Groningam
318 1027 547 1110 transmissum
570 1045 641 1128 ipse
665 1067 693 1112 a.
719 1047 803 1112 1877
829 1046 962 1114 contuli.

180 1163 208 1218 1·
228 1183 270 1206 ==
290 1152 391 1218 codex
412 1152 650 1218 Laurentianus
679 1152 760 1237 plut.
783 1153 837 1236 36,
858 1153 902 1218 49
926 1151 1049 1218 formae
1073 1159 1242 1240 quaterna-

88 1261 169 1344 riae,
192 1259 336 1344 membr,
359 1259 394 1324 in
417 1258 505 1324 loliis
527 1259 568 1324 73
587 1259 747 1324 linearum
769 1260 813 1325 28
837 1260 942 1325 solum
961 1258 1166 1346 Propertium
1189 1285 1242 1328 ex·

89 1367 222 1450 hibens,
256 1365 384 1432 saeculo
408 1364 470 1430 XV
502 1365 613 1430 statim
647 1365 778 1432 ineunte
811 1366 960 1450 scriptus.
1006 1367 1041 1434 in
1072 1368 1137 1434 fine
1167 1369 1242 1436 libri

87 1474 212 1558 legitur
238 1473 333 1538 Libo
365 1470 483 1538 colnac·
505 1472 622 1556 pperii,
651 1470 767 1538 deinde
797 1472 838 1536 ab
870 1472 934 1538 alia
964 1495 1063 1540 manu
1096 1474 1241 1540 additum

84 1584 140 1648 est
162 1581 256 1648 Leher
279 1578 385 1646 mane
414 1577 568 1646 Iohannis
593 1581 630 1646 dc
660 1579 800 1645 Medicis.
848 1578 998 1646 Oolucius
1025 1581 1127 1666 igitur
1153 1580 1241 1648 Salu-

83 1690 194 1772 tatus,
221 1686 485 1754 Florentinorum
509 1684 721 1752 cancellarius
749 1686 956 1768 notissimus,
984 1709 1078 1773 quem
1101 1711 1129 1753 a.
1156 1689 1242 1754 1374

83 1817 127 1859 ex
156 1785 555 1860 Petrarcse⁰bibliotheoa
581 1791 787 1877 Propertium
816 1795 1030 1880 anquisiuisse
1061 1794 1171 1878 [praef.
1201 1795 1242 1862 sd

83 1899 161 1968 Cat.
184 1921 215 1984 p.
238 1898 343 1983 qu.]
368 1919 527 1984 quemque
551 1921 579 1967 a
605 1900 690 1964 1406
714 1903 878 1967 mortuum
902 1921 973 1966 esse
997 1905 1139 1984 constat,
1161 1903 1241 1967 olim

80 2007 186 2072 huius
213 2006 288 2074 libri
316 2009 387 2070 crat
413 2027 591 2090 possessor.
633 2006 792 2089 plurimae
822 2010 1024 2074 correcturae
1053 2009 1174 2094 partim
1202 2031 1241 2074 ex

82 2116 197 2180 altera
219 2112 365 2178 ecdicum
387 2113 511 2178 familia
533 2113 654 2198 partim
672 2135 712 2178 ex
730 2113 888 2179 Italorum
907 2097 1099 2183 coniecturis
1118 2116 1240 2200 petitae

80 2221 142 2286 uel
163 2241 262 2303 supra
278 2208 382 2286 lineas
401 2218 454 2282 uel
476 2219 512 2283 in
530 2219 676 2304 margine
695 2217 821 2304 (addito
844 2219 1006 2287 interdum
1028 2221 1086 2285 illo
1109 2220 1164 2308 at)
1186 2222 1241 2287 ad·

83 2328 231 2412 scriptae
258 2329 337 2393 sunt
363 2347 383 2389 a
410 2345 509 2390 manu
530 2325 627 2409 paulo
651 2326 844 2410 recentiore,
872 2347 954 2411 quae
979 2348 999 2392 a
1021 2327 1115 2394 nobis
1139 2327 1240 2413 signi-

83 2436 204 2500 ficatur
231 2454 271 2499 m.
293 2436 326 2500 2.
367 2431 420 2496 hio
448 2431 548 2499 codex
577 2453 596 2496 a
624 2453 675 2496 me
703 2431 808 2516 primo
837 2453 864 2496 a.
890 2432 975 2497 1876
1004 2437 1055 2498 est
1082 2433 1240 2518 conlatus,

86 2540 146 2606 sed
168 2541 303 2624 propter
324 2537 479 2622 temporis
502 2538 620 2623 quihus
643 2541 714 2604 tum
737 2539 908 2622 premebar
931 2540 1100 2624 angustias
1124 2562 1238 2626 propc-

82 2647 230 2730 rantius3
257 2646 340 2710 unde
369 2655 450 2728 qudo
477 2648 592 2729 postea
615 2644 834 2712 dubitationes
857 2645 937 2710 loeis
967 2647 1133 2712 nonnullis
1165 2647 1238 2712 sub-

84 2758 186 2819 natae
221 2755 311 2836 sunt,
344 2773 398 2816 eas
432 2751 625 2817 conciliante
653 2751 803 2816 beniuole
830 2751 1008 2818 Domenico
1037 2752 1239 2837 Comparetti

87 2859 233 2926 eleuauit
254 2857 410 2924 Nicolaus
434 2858 579 2924 Anniani.

177 2964 222 3032 Hi
245 2964 309 3030 duo
328 2963 453 3030 codices
473 2963 514 3030 ad
532 2986 633 3030 unum
653 2964 802 3050 idemque
820 2965 956 3030 redeunt
974 2965 1142 3049 archetypi
1161 2989 1238 3051 apo-

84 3072 237 3160 graphon
259 3071 379 3138 litteris
402 3073 569 3136 exaratum
593 3071 726 3138 minutis
750 3093 909 3156 saepeque
931 3071 1018 3136 lectu
1037 3070 1237 3140 difficillimis

84 3185 119 3245 et
133 3183 302 3264 praeterea
320 3177 520 3262 compendiis
535 3178 731 3245 instructum
749 3178 870 3244 multis.
902 3178 1002 3244 talem
1021 3177 1140 3245 librum
1159 3201 1238 3245 con-

84 3288 277 3354 sentaneum
302 3287 353 3350 est
379 3284 482 3348 multo
515 3283 641 3349 fidelius
669 3285 703 3350 in
730 3295 773 3368 A,
803 3282 946 3350 eiusdem
977 3285 1096 3350 saeculi
1126 3287 1237 3372 stirpe,

85 3413 160 3458 esse
182 3391 344 3456 redditum
363 3411 459 3474 quam
482 3390 517 3454 in
539 3401 576 3476 F,
604 3392 694 3456 euius
716 3391 867 3456 librarius
892 3389 976 3456 aliae
1000 3391 1160 3462 scribendi
1184 3415 1237 3458 ra·

83 3499 170 3566 tioni
198 3498 351 3564 msuctus
381 3501 415 3562 ct
441 3497 572 3582 linguae
600 3498 721 3562 latinae
748 3519 863 3581 parum
894 3518 1015 3583 gnarus
1039 3501 1117 3563 erat.
1161 3499 1237 3570 hino

83 3603 218 3690 plurimi
245 3604 281 3668 in
307 3613 334 3668 F
362 3613 486 3668 errores
515 3603 695 3688 explicandi
723 3602 838 3688 (ueluti
866 3625 905 3668 ex
929 3604 1126 3687 compendiis
1149 3603 1182 3670 ΙΙ
1205 3605 1236 3688 3,

83 3713 130 3778 26
153 3710 253 3776 airam
275 3730 335 3793 pro
357 3714 488 3776 meran
507 3739 549 3762 =
569 3713 675 3790 mrem,
697 3708 731 3775 ΙΙ
755 3711 813 3794 26,
836 3711 856 3778 9
884 3710 964 3791 ferri
990 3732 1050 3794 pro
1075 3711 1174 3791 fratri
1193 3741 1235 3764 π

80 3815 162 3904 {Vah
198 3817 240 3883 ob
269 3815 354 3882 hanc
384 3837 515 3882 oausam
545 3817 644 3882 etiam
674 3813 849 3882 dolendum
879 3821 930 3884 est
959 3839 1056 3902 quam
1088 3818 1236 3903 maxime,

84 3923 174 4012 quod
201 3922 296 3989 hodie
324 3943 392 3986 non
419 3923 547 4008 integro
576 3933 607 3988 A
629 3922 725 3988 nobis
748 3923 797 3987 uti
824 3922 909 3989 licet.
946 3925 993 3988 sic
1020 3923 1107 3988 enim
1134 3924 1169 3988 in
1197 3946 1235 3990 ea

83 4035 190 4118 parte,
212 4029 269 4094 ubi
292 4028 381 4094 solus
405 4039 432 4094 F
455 4029 611 4114 suppetit,
639 4050 734 4113 saepe
763 4029 903 4096 discerni
930 4031 1042 4115 nequit
1065 4030 1141 4114 quid
1163 4031 1234 4113 ipse
1282 4061 1287 4071 ·

83 4140 157 4208 eius
181 4135 288 4200 scriba
310 4135 493 4219 peccauerit
515 4135 590 4213 quid
613 4157 651 4200 ex
675 4137 851 4221 exemplari
876 4159 936 4202 suo
959 4137 1140 4221 sumpserit

158 4293 185 4361 *)
210 4292 249 4346 sic
272 4291 357 4346 solita
375 4291 480 4346 saeculi
498 4291 563 4347 XIV
582 4293 794 4348 abbreuiatione
813 4311 855 4350 ex.
874 4312 915 4364 gr.
934 4311 981 4349 ron
999 4293 1165 4364 plerumque
1184 4311 1235 4364 per

81 4382 220 4450 lineolam
238 4381 384 4437 exhibetur
403 4383 431 4450 (c
444 4406 478 4428 ==
493 4397 563 4450 cum,
581 4382 641 4438 ‹1ch·
655 4407 689 4430 ε·
703 4383 818 4452 demam
837 4383 905 4439 tuas
921 4407 956 4430 ει
969 4383 1090 4452 allorum,
1109 4385 1235 4454 campere

82 4503 117 4524 =
134 4473 324 4542 oorrmcpere).
