3052 5044
481 367 678 423 PROPERTIl
698 369 764 424 LIB.
785 370 818 422 ll.
838 375 862 422 6.

176 527 272 592 Felix
296 527 427 594 Admeti
451 530 589 595 coniunx
613 535 646 595 et
670 531 771 596 lectus
796 531 917 614 Ulixis,

226 635 270 700 Et
293 657 511 721 quaecumque
534 638 597 701 uiri
620 637 741 704 femina
763 639 862 704 limen
886 643 982 704 emat.

659 785 676 822 *

570 875 585 911 *
748 875 764 912 *

121 990 166 1038 25
182 973 320 1057 Templa
344 973 522 1040 Pudicitiae
546 977 622 1060 quid
647 998 729 1059 opus
753 977 907 1043 statuisse
931 976 1064 1060 puellis,

228 1077 261 1144 si
285 1081 412 1165 quoiuis
435 1086 555 1166 nuptae
579 1084 736 1166 quoilibet
759 1105 829 1148 esse
852 1083 950 1148 licet?

657 1231 675 1267 ιιι

570 1319 586 1356 'l‘
747 1319 764 1356 *

183 1417 271 1494 Quae
294 1441 408 1484 monus
433 1419 590 1484 obscenas
614 1420 758 1504 depinxit
780 1421 885 1504 prima
908 1421 1045 1486 tabellas

227 1525 271 1588 Et
293 1525 403 1608 posuit
427 1531 516 1590 casta
539 1527 648 1610 turpia
671 1527 742 1591 uisa
765 1529 878 1610 domo,

181 1629 244 1695 llls
268 1632 450 1714 puellarum
473 1634 633 1716 ingenuos
658 1635 802 1717 corrupit
826 1634 959 1716 ocellos,

126 1754 170 1801 30
227 1735 461 1822 Nequitiaeque
486 1761 561 1803 suae
585 1740 691 1804 noluit
714 1762 784 1804 esse
807 1741 910 1804 rudes

182 1843 224 1906 A!
248 1848 370 1927 gemat,
392 1845 427 1908 in
450 1847 545 1910 terris
568 1847 632 1910 iste
656 1847 712 1931 qui
733 1847 873 1929 protulit
895 1853 965 1912 erte

227 1949 327 2034 Orgia
351 1952 410 2014 sub
434 1953 536 2016 tacita
559 1953 690 2018 condita
713 1954 849 2017 laetitia.

182 2053 257 2120 Non
280 2057 353 2120 istis
378 2058 455 2121 olim
478 2059 652 2122 uariabant
674 2063 761 2122 tecta
784 2059 912 2144 figuris:

226 2163 308 2226 Tum
331 2166 438 2246 paries
461 2166 551 2231 nullo
575 2167 708 2231 crimine
733 2168 838 2249 pictus
862 2170 941 2230 erat.

658 2314 675 2351 *

569 2402 586 2440 ’l‘
747 2403 764 2440 ³l<

130 2516 172 2566 35
183 2499 244 2565 Sed
268 2523 335 2566 non
358 2502 509 2567 inmerito
534 2504 655 2568 uelauit
678 2525 797 2568 aranee
820 2503 945 2586 fanum,

226 2608 270 2672 ut
293 2608 379 2673 mala
403 2609 546 2674 desertos
571 2614 709 2694 occupat
731 2611 832 2677 herba
856 2610 940 2674 deos.

657 2759 674 2796 *

567 2847 584 2884 *
745 2847 762 2885 ’l‘

183 2943 270 3020 Quor
291 2947 392 3031 igitur
414 2948 475 3013 tibi
498 2948 646 3013 custodes
670 2970 728 3031 per
750 2948 865 3012 limina
887 2971 1021 3033 ponem,

228 3051 316 3128 Quae
339 3076 517 3138 numquam
541 3078 640 3138 supra
662 3078 720 3139 pes
744 3056 893 3120 inimicus
918 3055 992 3120 eet?

166 3228 234 3280 vn.
254 3246 328 3280 iser.
367 3232 399 3280 ss
420 3227 526 3280 sumes
540 3243 570 3284 s:
589 3228 676 3282 ames
691 3233 710 3280 0
724 3229 734 3296 ιι
748 3234 782 3282 24
800 3197 889 3282 inlr
908 3247 942 3284 m.
958 3235 992 3284 2:
1011 3229 1063 3284 feri
1078 3232 1120 3300 οι
1134 3237 1239 3285 24—42

79 3333 145 3371 uno
162 3320 252 3368 tenore
265 3315 369 3368 exhibet
384 3319 416 3382 0,
435 3315 551 3370 lacunae
568 3317 649 3384 sipna
665 3319 761 3387 posuit
774 3317 977 3372 Lachmannus.
998 3325 1112 3374 ceterum
1131 3338 1178 3375 uu.
1195 3326 1238 3388 25,

81 3412 122 3460 26
143 3407 171 3456 et
189 3408 294 3457 35—40
318 3405 355 3458 od
378 3421 487 3458 carmen
514 3409 631 3471 sencinum
660 3411 766 3459 27-34
790 3407 827 3460 ad
850 3407 997 3474 proprium
1021 3423 1132 3476 poema,
1161 3411 1240 3463 cuius
1331 3435 1334 3442 ⁴

82 3493 158 3561 finis
172 3493 300 3560 perierit,
319 3497 362 3560 41,
377 3497 411 3545 42
426 3494 614 3560 ediscuntur,
633 3511 702 3563 quoe
720 3499 759 3548 est
776 3496 808 3549 in
825 3497 937 3564 septimo
955 3497 1028 3549 inter
1046 3513 1093 3551 uu.
1111 3503 1142 3550 12
1157 3503 1182 3550 et
1198 3503 1239 3565 13,

79 3582 258 3653 pertinuisse
280 3582 411 3636 uidentur
435 3584 558 3650 (unicum
578 3599 676 3651 poema
697 3589 779 3652 putat
801 3584 1035 3654 Hepdenreiohius
1057 3603 1104 3639 uu.
1125 3591 1159 3640 36
1179 3587 1241 3657 [uti

85 3671 119 3725 si
139 3685 198 3724 non
216 3668 347 3724 inmerito
366 3669 474 3740 scribit]
494 3675 519 3724 et
538 3677 571 3725 36
590 3677 654 3725 onte
672 3677 720 3740 27,
746 3689 793 3726 uu.
813 3679 847 3726 23
871 3678 896 3726 et
914 3679 949 3727 24
972 3680 1035 3729 ante
1054 3680 1087 3728 41
1107 3676 1218 3744 positis)
1232 3674 1239 3746 ιι

85 3767 125 3814 26
153 3758 263 3826 quoiuis
288 3759 399 3827 scripsi:
428 3758 527 3829 quoius
553 3767 574 3813 D
600 3761 698 3828 quouis
721 3766 743 3813 V
770 3761 887 3815 cuiusr
910 3762 1040 3817 cuiuisu
1070 3767 1073 3832 ι
1103 3753 1241 3832 quoilibct

85 3857 109 3902 D
126 3851 165 3902 V:
194 3847 348 3902 cuilibet!
372 3848 553 3916 quidlibetn
576 3850 704 3918 quolibet
726 3849 766 3904 ire
785 3850 955 3906 Schraderus
988 3855 993 3921 ι
1026 3853 1104 3924 licet]
1128 3854 1240 3908 libes?

85 3956 123 3992 in.
144 3937 234 4005 1ιι28
252 3935 326 4006 uisa]
345 3935 421 3990 iussa
438 3943 460 3988 D
478 3939 488 4006 ιι
502 3944 536 3992 30
555 3937 646 3992 uoluit
664 3943 684 3990 F
703 3954 737 3992 ns.
757 3940 843 4007 1l31
863 3939 908 3992 Ha
926 3945 947 3990 F
966 3939 1010 3992 Ah
1029 3943 1110 3996 ceteri
1125 3942 1129 4012 ι
1145 3944 1241 4011 gemat
1317 3931 1321 3942 '

87 4025 120 4080 in
138 4025 265 4079 tenebris
284 4028 353 4080 coni.
369 4025 535 4080 Fonteinius
549 4029 632 4097 (quod
645 4044 742 4081 uerum
755 4033 838 4097 puto,
857 4030 940 4082 nimis
954 4031 1027 4084 nude
1045 4047 1105 4085 cuns
1121 4032 1240 4099 positum

87 4117 128 4168 sit
146 4114 219 4168 illud
238 4115 345 4182 gemst;
365 4115 399 4180 cs.
419 4120 444 4168 et
458 4115 484 4167 Il
500 4121 542 4182 18,
558 4116 616 4184 27);
640 4118 737 4185 gemat
755 4119 913 4186 aeternum,
931 4119 998 4172 ficta
1016 4118 1151 4173 Heinsius
1167 4119 1170 4189 ι
1186 4117 1240 4172 iste

87 4208 113 4255 11
127 4204 139 4271 ιι
154 4207 188 4254 32
207 4202 294 4272 Orgia
312 4201 506 4257 Ruhnkenius:
526 4204 619 4272 Iurgia
639 4209 657 4256 0
674 4206 678 4272 ι
695 4205 758 4274 sub]
779 4205 827 4258 sed
846 4208 889 4275 Ὲιι
910 4213 945 4260 34
963 4207 1064 4276 pictus]
1084 4209 1174 4261 tectus
1192 4212 1213 4259 2·
1232 4209 1241 4279 ιι

89 4298 125 4346 35
145 4291 328 4346 immeritol)
342 4296 365 4342 V
385 4292 439 4347 Sed
457 4311 530 4347 nunc
549 4293 695 4346 emeritum
714 4293 896 4348 Burmannus
909 4297 919 4363 ιι
938 4302 971 4350 36
991 4296 1065 4349 male
1083 4295 1218 4350 Heinsius
1227 4297 1240 4367 ἰι

89 4387 125 4436 37
148 4380 225 4446 Quor
242 4382 353 4449 scripsi:
373 4381 448 4447 Quos
467 4386 487 4433 0
504 4385 507 4449 ι
523 4397 575 4451 per
592 4383 703 4450 scripsi:
723 4400 793 4450 quse
812 4386 832 4433 0
851 4383 887 4437 ad
906 4383 1039 4438 Heinsius
1055 4387 1060 4454 ι
1076 4383 1183 4439 lumina
1196 4391 1217 4436 r
1231 4385 1240 4455 ιι

89 4477 126 4524 38
150 4475 220 4554 (ι--τ
235 4468 317 4534 Quod
335 4474 368 4538 r,
386 4487 455 4524 corr.
474 4487 526 4540 my.
545 4489 578 4526 ns.
598 4475 618 4525 2
