3004 5068
315 344 359 408 20
656 345 851 400 PROPERTII
869 347 936 400 LlB.
956 345 977 400 l.
998 352 1039 400 12.
1060 351 1101 399 13.

448 505 595 593 Contigit
616 511 654 572 ut
676 509 775 573 simili
798 511 910 592 posset
938 529 1046 572 amare
1069 507 1139 571 fide.

402 612 547 678 Inuidiae
570 613 704 679 fuimus:
726 637 803 679 num
827 636 877 678 me
901 613 978 679 deus
1002 613 1132 700 obruit?
1156 635 1198 678 an
1222 633 1308 696 quae

360 736 392 785 10
446 719 544 784 Lecta
567 719 767 786 Prometheis
791 721 907 786 diuidit
929 721 1032 785 herba
1054 720 1161 805 iugis?

402 826 477 892 Non
501 832 573 892 sum
597 850 657 914 ego
681 830 766 913 quod
788 829 926 892 fueram:
950 832 1056 916 mutat
1078 829 1133 892 uia
1155 829 1256 912 longa
1280 824 1404 909 puellas:

448 934 594 1011 Quantus
616 936 651 1000 in
674 937 791 1021 exiguo
814 941 959 1018 tempore
982 935 1068 1020 fugit
1090 936 1193 1000 amor!

402 1041 497 1107 Nunc
520 1044 661 1126 primum
684 1044 799 1128 longas
823 1043 911 1107 solus
934 1064 1129 1128 cognoscere
1152 1045 1266 1107 noctes

448 1147 557 1234 Cogor
581 1151 705 1233 etipse
729 1150 807 1214 meis
831 1151 963 1215 auribus
987 1171 1056 1214 esse
1080 1148 1199 1233 grauis.

360 1271 392 1319 15
403 1254 507 1339 Felix,
530 1257 585 1340 qui
608 1257 715 1339 potuit
737 1258 901 1340 praesenti
923 1257 999 1320 fiere
1023 1256 1162 1339 puellae:

447 1361 523 1426 Non
545 1363 641 1441 nihil,
665 1387 697 1443 a,
721 1365 843 1447 sparsis
867 1364 989 1449 gaudet
1012 1363 1113 1428 Amor
1136 1360 1289 1427 lacrimis.

401 1469 469 1533 Aut
493 1470 520 1533 si
544 1470 713 1553 despectus
737 1471 846 1553 potnit
868 1473 994 1535 mutare
1017 1471 1154 1552 calores,

448 1575 530 1640 Sunt
552 1578 679 1664 quoipue
702 1578 862 1642 translato
887 1578 1006 1662 gaudia
1029 1561 1171 1642 seruitio.

402 1681 449 1746 Mi
472 1705 575 1768 neque
599 1705 706 1746 amare
730 1683 827 1746 aliam
855 1705 959 1767 neque
987 1684 1028 1748 ab
1056 1683 1117 1748 hac
1146 1683 1302 1747 desistere
1325 1679 1371 1742 fas
1392 1678 1439 1738 est:

359 1804 393 1852 20
449 1786 589 1871 Cynthia
612 1789 718 1872 prima
741 1789 815 1872 fuit,
840 1787 981 1873 Cynthia
1003 1789 1078 1852 finis
1102 1790 1172 1854 erit.

780 2031 994 2038 ———-—-.

838 2228 936 2300 XIH.

405 2384 467 2468 Tu,
491 2384 576 2468 quod
600 2404 696 2468 saepe
720 2385 819 2468 soles,
843 2387 956 2449 nostro
980 2385 1143 2449 laetabere
1167 2405 1255 2465 casu,

450 2489 561 2575 Galle,
583 2490 668 2575 quod
693 2491 827 2574 abrepto
852 2491 940 2555 solus
965 2512 1074 2554 amore
1098 2512 1216 2554 uacem.

404 2596 449 2660 At
472 2619 537 2661 non
559 2598 629 2680 ipse
653 2600 727 2660 tuas
750 2597 916 2680 imitabor,
939 2597 1074 2681 perfide,
1098 2619 1206 2662 uoces:

449 2704 573 2768 Fallere
596 2708 629 2768 te
651 2726 840 2787 numquam,
864 2702 969 2787 Galle,
992 2704 1102 2787 puella
1124 2705 1213 2769 uelit.

379 2811 492 2875 5Dum
514 2811 577 2874 tibi
600 2810 741 2894 deceptis
765 2813 901 2894 augetur
923 2810 1010 2874 fama
1034 2810 1163 2894 puellis,

451 2915 566 2981 Certus
590 2920 623 2980 et
646 2918 681 2980 in
703 2917 792 2980 nullo
816 2917 943 2999 quaeris
967 2939 1076 2981 amore
1089 2939 1239 3000 moram,

406 3024 556 3088 Per-ditus
579 3025 614 3088 in
638 3023 775 3109 quadam
799 3023 900 3088 tardis
924 3024 1099 3108 pallescere
1123 3025 1206 3089 curis

449 3130 571 3213 Incipis
595 3133 628 3194 et
649 3131 754 3214 primo
778 3131 895 3214 lapsus·
912 3130 1002 3194 abire
1025 3132 1136 3216 gradu.

318 3321 530 3328 .-—-—--——-—-

388 3431 456 3486 Vir.
475 3449 550 3483 asor.
588 3435 604 3483 8
624 3429 781 3498 Contingit,
795 3448 814 3482 n
828 3431 915 3484 altero
928 3436 1097 3500 cuppanem,
1116 3437 1137 3482 r
1153 3432 1158 3499 Ι
1173 3430 1264 3500 possit
1277 3436 1330 3486 DV
1346 3431 1441 3498 lau1⁰re

315 3525 339 3572 A
358 3521 367 3588 ΙΙ
385 3527 401 3574 9
421 3537 516 3573 sumus
534 3521 661 3586 Alnum
678 3520 782 3587 nm
800 3536 834 3572 m.
854 3522 900 3586 2):
919 3536 976 3574 non
993 3523 1160 3588 AFlllan
1178 3537 1250 3589 quae
1269 3526 1290 3573 F
1307 3535 1357 3590 my.
1375 3509 1441 3594 '¹²52’

316 3614 339 3660 v
357 3627 391 3664 m.
407 3615 426 3664 2
441 3614 575 3676 corr.,1l:
590 3624 720 3676 anquam
735 3611 753 3659 0
768 3608 778 3676 l
793 3613 825 3661 10
839 3608 1019 3676 prometheus
1034 3607 1100 3678 (eis
1113 3614 1134 3660 1²
1148 3625 1182 3663 m.
1198 3611 1229 3678 2)
1244 3608 1339 3662 diuitis
1353 3595 1441 3674 (huri)l

316 3701 339 3748 A
353 3698 397 3765 ru
412 3703 444 3750 11
463 3696 538 3765 quod
556 3696 750 3750 Burmannus:
769 3695 817 3764 qui
836 3701 856 3747 0
874 3697 884 3765 ΙΙ
904 3702 936 3750 12
955 3697 1076 3768 exhiguo
1094 3702 1117 3749 A
1134 3698 1144 3766 u
1164 3704 1197 3753 16
1217 3715 1234 3752 a
1253 3697 1355 3767 sparsis
1373 3686 1442 3746 Heio·

316 3812 387 3865 sias:
407 3810 526 3880 aspersis
542 3813 631 3878 01117
650 3810 708 3864 Aut
726 3811 775 3879 qui
793 3812 862 3865 corsi.
878 3811 1012 3867 Heinsius
1027 3814 1032 3882 Ι
1048 3800 1155 3868 chlores
1174 3818 1198 3864 ll
1217 3814 1324 3868 colores
1342 3811 1394 3866 DV
1410 3800 1441 3870 (ll

317 3901 366 3954 hoc
384 3914 452 3952 corr.
471 3915 505 3950 m.
525 3903 556 3968 2)
574 3901 584 3967 ss
606 3904 637 3951 18
657 3900 775 3954 seruicio
793 3904 817 3951 A
830 3907 852 3952 1)
866 3904 889 3951 V
908 3902 950 3970 (ia
967 3902 1016 3955 hoc
1035 3918 1103 3956 corr.
1123 3920 1157 3957 m.
1176 3907 1207 3971 2)
1233 3906 1243 3972 ΙΙ
1268 3909 1299 3956 19
1320 3897 1442 3956 uinimec
1487 3947 1488 3963 ,

317 3995 351 4058 r,
370 4004 439 4043 corr.
458 4003 510 4056 my.
529 4004 563 4042 m.
582 3992 602 4043 2
620 3990 623 4056 Ι
640 3987 773 4042 desistere
791 3995 824 4043 r:
844 3989 984 4044 dissistere
1003 3995 1026 4042 A
1040 3995 1064 4042 r
1082 3990 1225 4046 discedere
1244 3998 1266 4043 1)
1280 3997 1303 4043 v

391 4095 462 4149 Xlll.
500 4094 585 4148 Noua
602 4095 687 4163 clepia
705 4111 766 4149 cum
784 4096 865 4150 titulo
883 4096 920 4149 ad
937 4097 1044 4166 gallum
1062 4099 1094 4150 ia
1113 4102 1131 4149 0
1162 4102 1166 4164 Ι
1196 4103 1212 4150 3
1230 4096 1389 4152 immitabor
1403 4091 1422 4140 ll
1434 4081 1443 4151 l

308 4185 334 4239 ’ὃ
354 4183 430 4238 fama
446 4190 468 4235 D
482 4188 505 4234 V
519 4188 555 4237 r:
574 4182 666 4237 forma
683 4187 706 4234 A
717 4189 739 4235 Ε
752 4186 762 4252 l
776 4191 792 4238 6
810 4185 929 4256 moram]
949 4185 1025 4239 uiam
1038 4192 1060 4237 D
1070 4190 1093 4237 V
1112 4187 1153 4256 (in
1168 4187 1218 4240 hoc
1230 4203 1282 4256 my.
1297 4205 1331 4245 m.
1346 4191 1364 4242 2
1381 4190 1442 4236 corti

318 4275 350 4326 ia
367 4274 415 4327 ulo
440 4289 547 4326 moram
570 4289 624 4342 pro
647 4274 731 4327 uaria
754 4273 809 4328 lect.
833 4273 865 4326 ia
887 4289 938 4342 mp.
959 4274 1058 4341 adcor.)
1089 4275 1099 4342 l
1132 4279 1147 4327 ἵ
1173 4273 1315 4344 Perditus]
1342 4261 1443 4340 (luentis

318 4365 375 4412 AF
394 4362 437 4428 (iu
455 4361 504 4415 hoc
522 4377 591 4416 corr.
610 4377 661 4430 my.
680 4379 714 4415 m.
733 4363 765 4429 2)
788 4363 797 4431 ΙΙ
819 4365 836 4414 8
854 4361 939 4431 lapsis
957 4366 994 4430 A,
1012 4368 1033 4413 r
1051 4379 1086 4416 m.
1105 4367 1120 4416 1
1143 4366 1147 4429 l
1169 4362 1247 4416 abire
1265 4367 1288 4414 V
1306 4380 1358 4433 my.
1375 4377 1404 4415 m.
1418 4356 1442 4410 2²
