3052 5044
463 313 659 368 PROPERTIl
679 315 747 370 LlB.
768 316 801 370 ll.
821 315 878 370 34¹&

199 471 284 542 Non*
299 480 409 540 tamen
431 476 511 541 haec
533 476 594 541 ulli
617 477 751 542 uenient
773 477 905 563 ingrata
928 479 1064 564 legenti,

246 583 321 648 Siue
346 583 379 646 in
403 604 513 647 amore
537 583 626 647 rudis
650 584 718 648 siue
741 585 864 668 peritus
890 585 961 650 erit

198 691 268 756 Nec
291 691 396 754 minor
418 689 470 754 his
494 691 626 774 animis,
650 695 720 768 aut,
744 691 773 755 si
796 692 915 776 minor,
939 714 994 757 ore
1018 715 1156 758 canorus

244 796 381 862 Anseris
404 797 535 862 indocto
560 798 700 862 carmine
724 798 822 863 cessit
848 797 925 862 olor.

153 920 189 968 85
200 903 289 968 Haec
314 925 440 987 quoque
463 903 605 987 perfecto
630 902 762 969 ludebat
784 902 899 968 Iasone
926 903 1046 990 Varro,

243 1009 350 1075 Varro
373 1009 551 1075 Leucadiae
575 1010 716 1074 maxima
738 1009 870 1074 flamma
894 1033 979 1076 suae.

199 1118 289 1182 Haec
312 1138 439 1201 quoque
463 1116 577 1181 lasciui
601 1119 774 1182 cantarunt
797 1117 918 1200 scripta
941 1118 1077 1202 Catulli,

244 1222 360 1287 Lesbia
385 1223 456 1307 quis
479 1223 552 1306 ipsa
575 1223 684 1288 notior
707 1227 757 1287 est
780 1206 915 1290 Helena.

200 1330 290 1394 Haec
313 1329 412 1393 etiam
436 1328 521 1393 docti
546 1328 767 1394 confessa-est
790 1330 912 1415 pagina
934 1330 1041 1413 Calui,

154 1455 189 1504 90
244 1435 326 1501 Cum
349 1440 480 1501 caneret
503 1436 638 1500 miserae
660 1434 776 1501 funera
800 1436 983 1514 Quintiliae.

198 1544 243 1608 Et
266 1543 363 1608 modo
387 1542 530 1608 formosa
553 1565 651 1627 quam
674 1544 778 1607 multa
802 1545 958 1629 Lycoride
982 1545 1097 1610 Gallus

244 1651 393 1714 Mortuus
416 1647 544 1713 inferna
567 1648 702 1714 uulnera
726 1650 807 1715 lauit
830 1651 926 1735 aqua!

200 1755 341 1840 Cynthia
364 1756 442 1840 quin
466 1755 564 1819 etiam
588 1776 683 1819 uersu
707 1754 840 1819 laudata
863 1756 1027 1841 Properti,

168 1865 172 1872 '
244 1861 313 1927 Hos
337 1863 422 1927 inter
445 1862 473 1926 si
497 1881 547 1924 me
570 1881 690 1944 ponere
713 1860 817 1926 Fama
839 1862 938 1926 uolet.

181 2091 250 2145 Vna.
270 2111 344 2146 naor.
381 2096 414 2145 81
435 2089 540 2161 legenti
558 2105 592 2143 ea
608 2088 717 2143 inuenti
735 2105 803 2144 corr.
823 2094 847 2142 r
865 2107 898 2144 m.
919 2097 934 2143 1
958 2093 968 2160 ΙΙ
994 2096 1028 2145 82
1047 2092 1188 2162 periturus
1207 2100 1230 2147 V
1249 2097 1257 2167 ll

107 2187 143 2236 83
168 2180 212 2234 his
232 2179 297 2249 (hiis
320 2183 366 2249 V),
384 2182 426 2234 ira
444 2184 463 2231 0
480 2182 484 2248 Ι
501 2178 587 2232 animi
605 2183 626 2231 V
642 2179 646 2246 Ι
663 2176 688 2234 ei
710 2179 807 2247 aalqo:
834 2176 925 2232 simo
949 2196 1001 2233 nec
1025 2193 1057 2235 se*
1078 2181 1169 2237 minor
1191 2183 1257 2239 Sea·

107 2272 177 2339 liner
201 2284 253 2324 nec
281 2269 393 2339 segnior
417 2268 556 2338 fleureium
580 2269 716 2338 proporat
741 2267 823 2322 Miac.
849 2267 917 2322 Orat.
937 2284 968 2336 p.
988 2273 1038 2322 98:
1067 2270 1139 2340 Nec,
1167 2272 1258 2327 minor

108 2359 175 2414 hinc
195 2359 296 2413 animis
315 2361 365 2412 aut
381 2357 447 2411 hinc
466 2355 557 2411 minor
576 2374 635 2424 ore,
655 2371 773 2411 canorus
791 2373 842 2426 eqr.
864 2358 869 2426 Ι
892 2357 984 2411 minor
1004 2373 1051 2412 ore
1071 2374 1186 2412 canorus
1206 2376 1256 2415 om.

107 2453 132 2501 u
153 2450 163 2519 u
185 2453 220 2502 84
240 2448 353 2501 Anseris
371 2451 395 2499 r
415 2447 425 2516 ΙΙ
448 2453 481 2501 85
500 2446 634 2501 laudabat
651 2449 710 2497 DV
732 2449 741 2517 ΙΙ
764 2451 798 2501 86
820 2447 892 2501 Varo
911 2451 934 2499 V
952 2465 986 2503 m.
1005 2453 1021 2501 1
1039 2449 1043 2517 Ι
1059 2446 1206 2521 leuchadia
1227 2448 1257 2517 (h

107 2557 143 2594 m.
162 2543 182 2593 2
200 2540 364 2606 eapparacit)
384 2541 419 2596 V:
439 2534 586 2592 laochodie
605 2540 626 2587 V
644 2527 807 2590 leochadiae
821 2542 843 2587 D
862 2535 971 2591 locedie
984 2543 1009 2590 V
1025 2540 1029 2607 Ι
1045 2536 1171 2607 flamma]
1191 2554 1258 2591 cura

107 2631 132 2678 V
150 2644 201 2695 my.
217 2644 250 2680 m.
266 2629 298 2692 23
317 2625 393 2680 fama
412 2624 597 2678 Markloadua
610 2625 620 2693 ΙΙ
634 2630 667 2678 87
687 2623 770 2679 lariui
783 2628 806 2676 V
824 2642 857 2681 m.
872 2624 1076 2696 Ilcantaretn
1092 2626 1096 2694 l
1114 2624 1201 2679 catuli
1214 2631 1235 2676 V
1248 2624 1257 2695 ll

108 2721 144 2768 88
164 2715 231 2784 quin
250 2720 273 2765 V
302 2717 306 2782 1
337 2713 418 2766 elena
436 2718 456 2764 V
487 2716 497 2783 ΙΙ
529 2719 562 2766 91
592 2731 676 2782 qnam
696 2718 727 2766 0:
751 2714 800 2782 qui
820 2729 848 2781 33
875 2713 925 2783 qui
948 2714 1038 2769 mulsa
1055 2714 1191 2768 Heinsius
1208 2713 1258 2782 qui

107 2804 201 2858 inulta
213 2804 373 2857 Dorailliaa
391 2801 439 2870 qui
456 2801 540 2856 flente
557 2802 745 2857 Marklandua
763 2802 812 2870 qui
830 2803 921 2857 multa
935 2800 965 2860 L.
984 2819 1084 2872 pareus
1105 2802 1254 2857 Wutkerua

107 2892 157 2962 qui
175 2893 250 2946 iussa
268 2892 336 2959 (scil.
355 2892 390 2944 ab
409 2891 546 2960 Aequam)
564 2891 743 2958 Fonteiaiaa;
762 2893 827 2945 olim
845 2893 948 2948 conieci
966 2892 1015 2961 qui
1032 2891 1127 2946 inusta
1143 2890 1147 2962 Ι
1163 2891 1256 2962 liquo-

107 2979 170 3033 ride
189 2985 210 3030 V
224 2984 247 3031 11
265 2979 401 3034 lichoride
419 2986 441 3033 Ι)
457 2984 479 3029 V
499 2981 540 3047 (ia
558 2981 607 3034 hoc
625 2980 644 3032 h
663 2997 696 3034 m.
716 2983 736 3033 2
754 2981 816 3048 del.)
