3004 5068
495 353 783 411 Paoaaaolfflss.
1122 357 1216 414 XXIII

68 518 191 582 Aurae
214 517 370 582 Altemae
392 517 500 583 facilis
524 517 634 583 cedere
657 519 794 603 lympha
816 519 941 604 manu';
963 521 1025 604 uel,
1049 520 1078 586 si
1100 542 1213 587 uocem

69 623 297 689 Lucretianam
310 621 482 708 Propertio
502 623 673 690 obtrudere
692 625 814 692 ueneris
833 629 963 711 praeter
976 627 1214 712 necessitatem,

70 729 269 796 ‘fluitantis'.
294 767 336 778 -—
359 730 409 796 III
435 732 486 816 11,
511 731 551 797 15
566 753 648 817 sqq.:

200 838 310 903 Aurea
333 835 385 903 cui
407 841 580 923 postquam
602 837 739 904 nudauit
762 840 890 906 cassida
911 841 1063 925 frontem,

251 943 341 1009 Vicit
362 945 520 1010 uictorem
543 944 680 1011 candida
701 945 808 1011 forma
831 947 946 1012 uirum.

201 1049 359 1136 Omphale
382 1051 416 1116 in
439 1055 566 1116 tantum
589 1052 714 1118 formae
736 1053 896 1136 prooessit
917 1054 1075 1120 honorem
1099 1075 1164 1140 eqs.

70 1158 170 1221 multa
195 1157 229 1221 in
251 1156 420 1242 Propertio
447 1157 551 1222 tulere
579 1157 681 1243 docti,
708 1161 763 1225 sed
792 1161 877 1244 quod
904 1160 966 1225 hoc
988 1159 1060 1226 loeo
1088 1161 1213 1227 formae

70 1264 260 1330 uocabulum
284 1264 410 1329 duobus
433 1264 583 1330 uersibus
607 1287 677 1330 sese
696 1267 930 1350 excipientibus
949 1267 1146 1332 otiosissime
1164 1269 1212 1332 in-

71 1371 315 1456 gratissimeque
339 1371 485 1436 tulerunt
507 1372 625 1458 repeti,
651 1373 771 1438 nimiae
799 1373 905 1438 hercle
933 1373 1213 1460 indignandaeque

69 1478 242 1561 patientiae
271 1499 343 1544 esse
371 1483 462 1562 puto.
509 1479 586 1564 quid
613 1479 699 1564 qnod
722 1502 779 1565 per
802 1502 837 1544 ee
864 1481 975 1564 inepta
998 1484 1050 1545 est
1070 1502 1134 1545 uox
1156 1481 1214 1545 illa

68 1586 137 1650 loco
169 1584 357 1669 superiore?
402 1584 608 1651 Penthesilea
635 1607 708 1651 cum
741 1585 900 1652 cassidem
931 1591 1079 1671 poneret,
1116 1587 1212 1652 heros

68 1713 133 1756 non
155 1691 293 1758 formam
318 1690 414 1778 (quae
438 1695 489 1758 est
510 1692 612 1758 totius
636 1691 811 1779 corporis),
837 1693 893 1758 sed
917 1714 953 1758 os
977 1693 1212 1760 admirabatur:

70 1798 147 1863 uidit
173 1799 301 1864 uultum
329 1799 447 1864 rubore
475 1799 624 1884 uirgineo
653 1799 824 1883 suffusum,
850 1798 933 1864 uidit
960 1800 1073 1865 oculos
1105 1803 1212 1865 truces

71 1904 161 1970 simul
189 1905 371 1990 dulcesque.
417 1926 566 1992 expungo
593 1907 694 1991 igitur
720 1907 860 1972 formam
888 1907 977 1972 illam
1007 1905 1127 1990 duplici
1154 1929 1212 1971 no·

70 2013 151 2077 mine
182 2012 360 2079 deformem
387 2017 424 2078 ut
455 2014 602 2099 ineptum
635 2014 897 2098 supplementum
928 2013 1106 2097 reddasque
1134 2013 1212 2080 Pro·

71 2120 179 2203 pertio,
202 2141 266 2204 quo
286 2123 319 2184 et
337 2119 502 2205 oppositio
517 2124 549 2184 et
564 2121 755 2186 allitteratio
778 2120 832 2185 hic
846 2119 976 2204 quidem
997 2119 1212 2205 pulcherrime

73 2227 214 2309 quaesita
235 2227 424 2311 perficiatur
438 2247 564 2312 quoque
588 2226 684 2292 simul
707 2227 841 2292 lacunae
853 2226 947 2312 origo
971 2229 1095 2310 pateat:
1121 2226 1213 2291 ‘uicit

71 2332 219 2398 uictorem
235 2333 372 2398 candida
384 2335 474 2416 scirpo
491 2333 598 2398 uirum
604 2332 625 2398 '.
656 2353 733 2397 nam
746 2333 894 2417 potuisse
909 2330 1027 2417 ‘uirgo'
1050 2331 1212 2398 trochaice

72 2460 91 2501 a
117 2444 225 2505 nostro
249 2440 328 2523 poni
356 2443 471 2505 notum
494 2443 546 2504 est
574 2436 627 2527 (cf.
650 2439 701 2505 ΙΙΙ
725 2440 759 2524 9,
782 2438 827 2504 35
851 2437 954 2504 ‘findo
983 2438 1108 2504 cerina'
1132 2439 1211 2504 alia·

72 2544 152 2632 que).
177 2583 213 2594 -
239 2546 347 2631 1122,
371 2547 429 2612 33:

199 2653 259 2718 Ille
282 2655 335 2717 uel
357 2652 412 2717 hic
435 2652 556 2718 classes
579 2655 708 2737 poterat
729 2653 781 2716 uel
805 2651 939 2736 perdere
962 2675 1081 2718 muros.

75 2758 333 2826 absurdissimum
361 2758 488 2824 dicendi
512 2778 614 2844 genus
637 2761 767 2824 tantum
796 2758 889 2822 abest
911 2761 948 2822 ut
978 2757 1211 2845 Hertzbergius

75 2867 221 2951 exemplis
254 2867 373 2933 adlatis
405 2865 643 2942 inlustrauerit‚
674 2869 712 2930 ut
739 2865 773 2929 in
801 2863 939 2930 clariore
967 2864 1038 2930 luae
1067 2868 1213 2950 posuerit

75 2970 340 3055 deprauationem.
380 2994 457 3037 nam
481 2975 555 3037 ante
580 2973 690 3037 omnia
712 2973 803 3036 deest
825 2972 888 3037 hoo
911 2971 983 3036 loco
1008 2971 1211 3057 singulorum

76 3183 269 3251 obseruatus:
294 3183 373 3250 ‘ille'
397 3183 438 3249 ad
461 3183 623 3250 Achillem
646 3183 690 3269 (u.
714 3184 756 3249 29
772 3181 849 3268 sa),
873 3182 947 3248 ‘hic’
972 3183 1013 3247 ad
1036 3183 1211 3252 Hectorem

76 3287 114 3374 (a
135 3293 173 3357 31
190 3289 252 3378 sq.)
282 3293 421 3376 spectat,
448 3294 486 3355 ut
512 3290 609 3355 beros
638 3290 814 3356 Thessalus
843 3291 982 3354 classem
1005 3290 1211 3374 Graecorum,

76 3395 223 3466 Troianus
247 3399 373 3484 patriae
392 3397 483 3462 urbis
502 3417 612 3462 muros
632 3397 764 3482 perdere
782 3417 879 3480 posse
894 3394 1026 3461 dicatur.
1057 3421 1095 3462 ea
1112 3419 1210 3483 porro

75 3500 159 3570 huius
181 3504 341 3570 enuntiati
362 3507 413 3568 est
427 3501 641 3568 conformatio
665 3507 702 3568 ut
726 3505 897 3586 utrumque
922 3502 963 3566 ab
986 3506 1122 3589 utroque
1140 3527 1210 3590 per·

75 3609 121 3675 fici
143 3613 283 3696 quiuisse
312 3610 407 3675 nobis
430 3609 691 3693 persuadeamus.
732 3629 836 3694 neque
858 3607 954 3672 huius
983 3611 1141 3675 sermonis
1164 3613 1212 3676 ui-

75 3717 143 3783 tiosi
164 3719 293 3803 culpam
317 3715 487 3800 Propertio
513 3715 590 3781 dare
614 3715 762 3800 equidem
785 3716 904 3798 ausim,
927 3716 1047 3800 quippe
1066 3716 1117 3780 oui
1136 3722 1212 3801 post

76 3826 155 3890 uocis
177 3825 258 3891 ‘illi'
289 3823 373 3911 (siue
397 3819 513 3908 ‘illei’)
542 3822 577 3886 in
601 3821 689 3886 ‘ille'
713 3821 977 3905 depracationem
1005 3843 1117 3887 uersus
1145 3824 1211 3888 iam

76 3951 132 3995 una
153 3932 278 4016 syllaba
300 3951 433 3994 mancus
456 3950 589 3993 manum
611 3927 890 4013 interpolatricem
917 3947 1032 4010 passus
1056 3928 1212 3996 uideatur.

78 4036 102 4099 si
128 4035 306 4120 reposueris
335 4034 401 4100 ‘ille'
427 4035 477 4100 ael
505 4034 624 4099 classes
652 4034 805 4118 poterant
833 4033 886 4098 uel
913 4033 1046 4117 perdere
1076 4035 1212 4118 muros',

80 4143 154 4208 ultro
172 4145 307 4209 lectores
327 4141 367 4206 ed
386 4164 480 4208 suum
498 4143 670 4225 utrumque
690 4139 785 4205 colon
805 4139 986 4204 subiectum
1003 4140 1153 4206 referent.
1171 4180 1207 4190 -

80 4245 174 4334 1129,
199 4253 292 4335 lsq.:

198 4357 368 4435 Hesterna,
391 4376 464 4419 mea
486 4355 555 4438 lux,
579 4377 651 4419 oum
674 4358 771 4440 pctus
794 4355 890 4419 nocte
914 4373 1051 4438 uagarer

246 4461 316 4529 Nec
339 4484 391 4528 me
415 4483 582 4528 seruorum
605 4461 737 4528 duceret
760 4462 826 4526 ulla
850 4482 965 4525 manus
989 4481 1054 4544 eqs.
