3052 5044
627 293 823 349 PROPERTII
841 294 908 349 LIB.
928 293 962 348 ΙΙ.
982 300 1025 349 23.
1044 300 1087 348 24.

413 457 445 522 Α
467 459 615 542 pereant,
639 458 771 543 siquos
794 457 893 522 ianua
916 457 1026 522 clausa
1048 457 1152 522 iuuat!

370 565 505 649 Contra,
528 565 647 629 reiecto
671 586 753 649 quse
776 563 880 628 libers
901 563 993 628 uadit
1016 564 1152 649 amictu,

415 672 592 739 Custodum
616 675 649 736 et
670 671 761 736 nullo
786 674 879 755 septa
900 671 1030 753 timore,
1053 671 1175 755 placet,

326 795 357 843 15
370 777 429 845 Oui
453 800 548 861 saepe
572 777 726 842 inmundo
752 775 850 842 Sacra
872 777 1052 842 conteritur
1073 777 1138 841 Vin
1161 800 1274 862 socos,

413 885 482 950 Nec
506 885 585 949 sinit
608 905 678 948 esse
701 907 842 967 moram,
866 884 894 947 si
917 883 989 967 quis
1014 883 1214 948 adireuelit.

369 992 504 1056 Differat
525 992 605 1056 haec
627 1012 820 1074 numquam,
842 1012 902 1054 nec
924 993 1038 1074 poscet
1060 991 1205 1074 garrula,
1229 992 1321 1074 quod
1344 996 1380 1055 te

415 1099 575 1163 Astrictus
599 1099 707 1181 ploret
730 1119 826 1181 saepe
850 1097 976 1162 dedisse
999 1100 1105 1180 pater,

368 1204 437 1271 Nec
460 1205 545 1269 dicet
568 1204 693 1269 ‘timeoz
716 1226 853 1288 propera
876 1205 941 1268 iam
966 1225 1110 1288 surgere,
1135 1225 1271 1288 quaes03

323 1328 358 1376 20
414 1312 545 1397 Infelix,
566 1312 662 1375 hodie
685 1312 737 1374 uir
759 1310 839 1375 mihi
862 1333 936 1374 rure
959 1309 1069 1374 uenit?

369 1417 414 1482 Et
436 1439 516 1501 quas
539 1417 723 1500 Euphrates
748 1418 781 1480 et
802 1437 883 1501 quus
906 1415 987 1478 mihi
1009 1416 1099 1479 misit
1117 1415 1270 1500 Orontes,

410 1525 463 1589 Mc
486 1524 631 1608 capiant:
655 1523 754 1587 nolim
779 1523 866 1587 furta
889 1521 1039 1606 pudenda
1061 1524 1136 1587 tori.

364 1632 514 1696 Libertas
539 1631 691 1716 quoniam
714 1630 797 1693 nulli
819 1630 886 1693 iam
909 1631 1012 1693 restat
1035 1630 1170 1713 amanti,

410 1736 534 1802 Stultus
558 1738 693 1802 liberam
718 1737 779 1799 erit
804 1736 830 1800 si
856 1736 926 1820 quis
952 1758 1060 1800 amare
1083 1736 1180 1800 uolet.

788 2167 915 2239 XXIV.

367 2326 432 2392 ‘Sic
457 2328 612 2411 loqueris,
635 2346 707 2390 cum
730 2328 767 2388 tu
789 2324 855 2387 iam
877 2327 956 2388 noto
980 2323 1092 2388 fabula
1115 2324 1198 2388 libro

410 2435 455 2498 Et
479 2439 535 2498 tua
559 2435 602 2497 sit
624 2436 694 2496 toto
719 2429 861 2514 Cynthia
882 2430 966 2494 lecta
990 2429 1101 2494 foro?’

365 2540 448 2616 Quoi
472 2563 539 2605 non
560 2540 612 2603 his
635 2538 746 2602 uerbis
768 2539 921 2621 aspergat
943 2541 1091 2619 tempora
1115 2537 1234 2602 sudor?

409 2649 478 2712 Aut
500 2647 604 2730 pudor
627 2645 777 2729 ingenuis
802 2647 859 2707 aut
881 2643 1067 2708 retinendus
1092 2666 1190 2710 amor.

338 2753 456 2830 sQuod
481 2756 508 2818 si
531 2759 600 2818 tam
622 2751 729 2816 facilis
753 2751 893 2833 spiraret
916 2747 1058 2832 Cynthia
1080 2752 1187 2835 nubis,

408 2859 484 2925 Non
507 2882 567 2945 ego
590 2859 753 2943 nequitiae
777 2857 898 2921 dicerer
922 2879 990 2921 esse
1015 2861 1127 2941 caput,

364 2965 433 3030 Nec
456 2967 502 3031 sic
524 2989 581 3051 per
604 2969 707 3030 totam
731 2963 863 3028 infamis
886 2964 1073 3028 traducerer
1095 2967 1222 3045 urbem,

275 3135 488 3144 ...—

346 3229 415 3285 Vsu.
434 3250 507 3285 uren.
547 3237 578 3284 12
594 3230 618 3283 si
632 3247 700 3298 quas
711 3245 727 3287 ς
739 3229 852 3300 linusnt
864 3233 888 3280 ll
902 3246 935 3283 m.
951 3230 985 3298 1l
999 3234 1030 3282 13
1045 3229 1090 3282 Ha
1103 3235 1124 3281 Ε
1138 3231 1181 3282 Ah
1197 3233 1278 3286 ceteri
1289 3231 1292 3302 l
1304 3233 1422 3304 reiecto]

274 3318 341 3387 quis
356 3321 515 3389 (compend.)
529 3320 602 3374 lecto
616 3325 647 3383 Ἐς
670 3320 791 3372 desidero
804 3318 968 3370 uocabulum
981 3334 1034 3386 quo
1048 3321 1132 3372 uestis
1144 3325 1334 3375 matronarum
1348 3323 1421 3377 iudi-

274 3413 360 3475 catum
379 3410 496 3476 fortusse
509 3410 654 3478 praetexto
669 3406 677 3478 ll
695 3413 725 3460 15
745 3405 888 3460 immundo
906 3413 927 3457 D
942 3411 964 3456 V
978 3405 987 3477 l!
1003 3413 1035 3460 17
1055 3407 1109 3460 hoc
1126 3413 1147 3459 Ε
1164 3411 1167 3473 Ι
1183 3411 1281 3476 posset
1298 3417 1319 3461 D
1340 3412 1422 3480 (idern

273 3513 323 3565 inp.
332 3514 385 3566 pro
394 3515 455 3551 aar.
466 3498 523 3552 lact.
538 3498 645 3566 poscet)
662 3498 666 3564 Ι
682 3496 782 3564 garnla
795 3502 816 3546 D
828 3499 850 3544 V
867 3496 871 3562 Ι
887 3511 960 3562 quae
974 3498 1003 3548 te
1017 3501 1038 3547 Ε
1051 3498 1061 3565 ll
1075 3502 1108 3549 21
1124 3498 1184 3551 Hae
1198 3499 1395 3554 Lachmamucs
1416 3502 1419 3572 l

275 3586 398 3640 eufrates
416 3592 509 3638 ΒΝ
527 3587 537 3655 ΙΙ
556 3592 589 3640 22
609 3584 723 3654 capiant
741 3589 773 3637 0:
793 3583 916 3637 iuueriut
934 3588 958 3635 r
976 3586 1138 3653 interpolate
1153 3589 1157 3654 Ι
1172 3587 1305 3654 pudenda
1322 3589 1422 3656 scripsi

275 3675 356 3727 Misc.
382 3675 450 3728 Crit.
476 3693 505 3742 p.
526 3681 573 3728 91:
599 3673 740 3742 pudicao
776 3676 780 3740 Ι
809 3672 886 3725 thori
902 3677 923 3723 1²
937 3677 961 3724 ll
997 3675 1007 3741 ΙΙ
1038 3680 1073 3727 24
1102 3675 1209 3729 Stultus
1232 3675 1349 3729 liberam
1368 3678 1421 3732 erit

273 3763 386 3829 scripsi:
413 3763 513 3816 Nullus
531 3763 603 3816 liber
622 3762 675 3816 erit
693 3767 725 3828 0;
751 3767 835 3815 totum
857 3779 965 3815 uersum
983 3780 997 3816 c
1013 3765 1106 3830 priore
1127 3765 1322 3832 interpolatum
1336 3773 1420 3834 putat

275 3850 350 3905 Guil.
370 3849 518 3902 Fischcrus

345 3955 444 4010 XXIV.
481 3955 566 4010 Noua
585 3957 669 4026 clepia
687 3957 718 4010 iu
737 3961 755 4007 0
776 3957 845 4024 (sirie
863 3957 942 4009 titulo
960 3957 992 4009 in
1005 3963 1027 4008 Ι)
1041 3962 1076 4023 V,
1096 3958 1132 4010 ad
1150 3958 1288 4014 cinthiam
1307 3962 1352 4030 F);
1371 3981 1417 4017 uu.

275 4053 362 4102 1-10
382 4045 506 4114 Scalipcc
522 4045 663 4114 prioribus
682 4046 811 4113 adiunpit
830 4045 840 4112 l
860 4051 873 4097 1
895 4043 941 4098 Sic
959 4045 1095 4114 loqueris,
1115 4063 1178 4100 eum
1196 4050 1228 4101 tu
1246 4050 1357 4118 scripsi:
1377 4052 1418 4104 Tu

276 4135 398 4204 loquaris
418 4153 481 4190 cum
501 4135 538 4190 sit
557 4140 575 4186 0
595 4133 632 4189 sis
652 4147 669 4192 ς
690 4137 700 4202 ΙΙ
723 4139 738 4187 3
759 4132 830 4198 Quoi
847 4140 869 4185 Ι)
883 4138 919 4186 V:
939 4132 989 4188 Cui
1006 4139 1065 4186 H
1090 4139 1093 4200 Ι
1120 4137 1202 4190 surdo
1222 4137 1345 4207 Scalipcr
1367 4141 1376 4207 ss
1402 4149 1418 4194 4

273 4225 402 4295 ingenuis
432 4209 483 4279 sut
509 4223 668 4280 retinendus
695 4223 806 4289 scripsi:
834 4222 971 4290 ingenuus
999 4226 1048 4276 sut
1072 4223 1268 4280 reticenduso
1291 4227 1369 4282 Haut
1392 4249 1417 4299 p.

271 4311 415 4382 ingenuis,
443 4313 513 4366 hsut
540 4311 618 4367 retis.
644 4327 669 4368 a.
694 4309 850 4378 Hauptius3
878 4311 1072 4377 interpolatum
1096 4329 1206 4368 uersam
1229 4317 1307 4368 habet
1330 4317 1418 4372 Lach-

275 4417 394 4456 mcmnus
407 4401 446 4470 ΙΙῡ
465 4401 522 4455 iam
542 4401 611 4470 slis
629 4397 774 4468 nequiciae
791 4401 850 4450 nv
