3052 5044
280 293 324 360 50
657 289 853 350 Pnopnnru
871 293 938 351 LIB.
957 293 991 350 ΙΙ.
1011 301 1036 352 8.

325 459 585 542 ranequandone
608 460 670 524 tibi
693 461 776 525 liber
800 482 871 523 sum
895 459 1008 524 uisus?
1032 481 1072 522 an
1095 481 1195 542 usque

413 565 462 629 In.
475 571 622 630 nostrum
646 567 742 630 iacies
768 567 865 630 uerba
889 566 1029 648 superba
1051 564 1169 648 caput?

843 713 860 751 11

754 803 770 840 *
931 802 948 840 ’i‘

370 902 423 968 Sic
446 904 547 987 igitur
569 905 675 987 prima
698 906 835 970 moriere
859 907 979 989 aetate,
1002 902 1171 986 Properti?

414 1009 475 1074 Sed
499 1032 637 1095 morere,
661 1013 793 1076 interitu
816 1012 956 1096 gaudeat
978 1011 1035 1075 illa
1057 1015 1127 1094 tuo,

367 1116 522 1201 Exagitet
545 1123 673 1183 nostros
697 1118 822 1197 Manes,
846 1122 984 1182 sectetur
1008 1120 1040 1180 et
1063 1116 1211 1198 umbras,

241 1264 244 1272 ,
324 1240 358 1287 1ο
412 1223 613 1309 Insultetque
637 1226 740 1310 regie,
765 1225 867 1289 calcet
889 1228 922 1287 et
944 1244 1020 1287 ossa
1042 1244 1121 1286 mea.

368 1329 473 1405 Quid?
496 1353 562 1395 non
585 1333 770 1417 Antigonae
794 1333 919 1395 tumulo
942 1330 1097 1396 Boeotius
1122 1327 1270 1394 Haemon

413 1433 545 1500 Corruit
566 1438 635 1521 ipse
659 1460 718 1502 suo
743 1439 870 1502 saueius
894 1451 969 1501 ense
993 1438 1092 1520 latus,

368 1541 413 1606 Et
436 1565 495 1606 sua
517 1565 590 1607 cum
613 1544 752 1607 miserae
774 1545 962 1626 permiscuit
985 1566 1060 1608 ossa
1082 1542 1222 1626 puellae,

413 1648 484 1724 Qua
508 1651 576 1713 sine
600 1649 789 1714 Thebanam
812 1650 920 1715 noluit
942 1651 988 1713 ire
1012 1649 1164 1714 do'rnum‘?

324 1772 357 1822 11
369 1755 430 1821 Sed
453 1777 519 1821 non
542 1756 675 1820 efficies:
700 1778 824 1820 meeum
849 1757 996 1821 moriaris
1020 1760 1159 1840 oportet:

412 1861 484 1927 Hoc
507 1862 619 1927 eodem
643 1862 729 1927 ferro
754 1863 857 1927 stillet
880 1868 1014 1954 uterque
1038 1884 1140 1927 cruor.

369 1969 525 2045 Quamuis
548 1969 614 2034 ista
637 1969 715 2033 mibi
738 1992 826 2034 mors
850 1973 900 2034 est
923 1971 1096 2035 inhonesta
1118 1969 1241 2032 futura:

412 2076 501 2141 Mors
524 2076 697 2141 inhonesta
720 2077 862 2160 quidem,
885 2081 921 2141 tu
945 2076 1080 2140 moriere
1103 2080 1221 2139 tamen.

845 2224 861 2261 *

753 2312 771 2350 11(
931 2313 948 2350 *

372 2412 433 2477 Ille
457 2413 555 2477 etiam
580 2413 714 2498 abrepta
738 2413 883 2477 desertus
908 2414 1045 2499 coniuge
1068 2412 1212 2481 Achilles

325 2536 359 2584 30
414 2517 550 2584 Cessare
572 2521 608 2584 in
630 2520 726 2584 tectis
749 2520 884 2603 pertulit
908 2542 997 2585 arma
1022 2543 1088 2584 sua.

281 2655 494 2666 *—

351 2714 419 2768 Vna
440 2732 513 2768 caca.
552 2719 584 2766 15
606 2714 645 2768 Ec
664 2713 775 2782 quando
794 2730 829 2767 ne
848 2719 884 2766 n:
903 2711 941 2766 Et
959 2717 985 2782 (c
1003 2729 1037 2770 ru.
1057 2719 1076 2769 2
1095 2716 1244 2782 suprascr.)
1262 2713 1379 2782 quando
1399 2730 1438 2769 ue

279 2808 300 2855 1*
319 2803 356 2858 nt
374 2803 485 2872 quando
504 2819 539 2856 ne
553 2809 574 2855 D
589 2807 624 2871 V;
642 2804 759 2872 prauius
777 2804 842 2856 baec
860 2808 1003 2871 corrupta3
1028 2809 1135 2872 expecto
1153 2802 1190 2856 Et
1208 2802 1319 2869 quando
1341 2801 1437 2856 cecidi

280 2892 352 2946 liber
366 2909 427 2946 sum
441 2893 511 2946 risus
526 2899 539 2946 1
558 2892 682 2960 adusque
696 2908 747 2962 eqe,
766 2894 797 2946 ia
810 2897 860 2959 est,
881 2893 962 2945 etiam
973 2899 1036 2961 post
1049 2898 1158 2946 mortem
1172 2893 1248 2945 auito
1267 2892 1439 2960 impediente

281 2981 340 3035 ioco
359 2987 384 3035 et
401 2982 500 3035 irrisui
514 2980 578 3035 ero?
597 2982 630 3035 ete
648 2981 719 3035 risus
738 2997 802 3035 reoce
821 2982 854 3048 es.
875 2981 914 3035 111
933 2986 976 3050 14,
995 2988 1027 3034 11
1053 2983 1057 3049 Ι
1078 2984 1437 3051 anusquerauusque1r„

281 3087 328 3124 uu.
351 3075 455 3124 13-16
475 3071 512 3124 ad
526 3071 626 3139 priora
644 3087 700 3125 aaa
714 3072 853 3139 perticere
870 3071 1005 3124 iuteltcuit
1023 3070 1232 3137 Lactuuauuus‚
1256 3071 1304 3138 qui
1322 3075 1349 3124 et
1367 3071 1440 3124 iude

280 3177 298 3214 a
316 3177 344 3214 u.
366 3164 398 3213 11
417 3175 519 3213 uouum
538 3159 657 3228 iucipere
676 3161 787 3230 etapium
806 3161 867 3215 iure
885 3160 1023 3214 contendit
1054 3161 1064 3229 1
1095 3165 1128 3214 11
1153 3159 1285 3228 antigone
1305 3163 1337 3211 0:
1358 3159 1440 3212 anti-

280 3265 366 3320 genes
387 3264 403 3307 ς
422 3249 506 3318 uuipo
523 3249 526 3317 Ι
542 3248 653 3304 boetius
672 3249 774 3304 hemon
794 3255 812 3302 0
834 3249 958 3318 (boecius
977 3253 1000 3301 11
1019 3249 1123 3321 hemon
1141 3253 1163 3300 v
1182 3266 1216 3302 ιιι.
1231 3249 1261 3315 1)
1275 3249 1285 3316 ss
1299 3252 1331 3300 13
1352 3248 1438 3319 cum]

279 3345 371 3408 Fmp.
390 3355 423 3393 ιιι.
443 3343 463 3394 2
483 3341 513 3392 at
532 3355 599 3392 cura
626 3340 635 3407 ΙΙ
663 3344 697 3392 14
727 3337 792 3404 'Qua
810 3339 933 3407 (uirpula
952 3356 986 3391 ιιι.
1006 3344 1025 3394 2
1045 3339 1182 3406 deletam¹
1218 3339 1221 3405 Ι
1250 3335 1339 3390 nollet
1358 3335 1438 3391 inire

280 3429 313 3484 L.
331 3429 497 3494 Muellerum
511 3429 671 3496 praeplacet
685 3426 756 3482 nolit
770 3426 847 3481 abire
862 3427 986 3496 (habere)
1000 3429 1010 3497 ΙΙ
1024 3432 1057 3480 15
1077 3444 1132 3480 non
1146 3443 1232 3494 supra
1246 3426 1295 3480 iia.
1310 3430 1333 3475 n
1347 3432 1411 3478 nal
1430 3426 1434 3496 1

280 3515 384 3570 efficies
403 3520 435 3570 0:
461 3514 576 3586 effiagies
595 3521 619 3566 r
642 3520 849 3581 ua1corr.s;
878 3532 933 3584 quo
956 3517 1106 3570 mutatione
1128 3531 1185 3568 uou
1208 3530 1276 3584 opus
1299 3519 1336 3568 est
1360 3520 1437 3570 recto

279 3621 409 3658 ausuum
428 3606 524 3660 ardiae
541 3606 666 3659 restituto
684 3606 751 3672 (non
771 3603 887 3671 efficies,
907 3605 937 3657 id
955 3609 1005 3671 est,
1024 3620 1081 3658 uou
1098 3608 1203 3656 mortuo
1226 3603 1293 3656 mibi
1310 3603 1435 3658 insulta-

281 3694 334 3760 bis,
354 3709 410 3747 uou
428 3709 512 3762 usque
530 3695 615 3748 uerba
633 3695 665 3747 iu
683 3709 723 3746 mc
741 3693 833 3761 iacies)
851 3694 861 3762 ΙΙ
881 3698 914 3746 16
933 3692 1007 3748 ferro
1027 3692 1124 3746 eodem
1144 3693 1190 3760 1111
1208 3697 1241 3744 11
1261 3690 1338 3746 stilct
1357 3697 1392 3760 11,
1407 3697 1436 3743 V

280 3783 444 3850 1111111011
462 3787 496 3835 18
516 3783 631 3836 laeuuue
648 3784 729 3852 sipua
743 3783 829 3851 posui
835 3805 841 3848 ;
867 3798 951 3851 aeque
969 3783 1041 3836 euim
1059 3771 1163 3835 nutrit
1181 3782 1212 3833 iu
1231 3785 1319 3848 erepto
1338 3797 1435 3835 umore

280 3871 415 3925 saeuieuti
438 3871 583 3939 quicquam
609 3876 646 3924 est
670 3887 730 3925 cum
752 3870 898 3939 Propertio
922 3871 1032 3939 puellae
1054 3875 1139 3924 morte
1163 3875 1272 3922 mortem
1294 3869 1434 3939 subituro,

280 3961 361 4014 immo
380 3975 427 4014 uu.
448 3963 553 4013 29-40
577 3965 645 4028 apta
667 3966 733 4014 suut
755 3962 881 4015 clausula
899 3977 947 4014 uu.
968 3964 1068 4027 1-11,
1095 3963 1126 4012 ut
1149 3964 1239 4012 tamea
1261 3958 1333 4011 iuter
1353 3963 1386 4010 11
1406 3965 1435 4012 et

281 4054 314 4103 19
335 4049 442 4117 aliquid
461 4048 629 4104 intercidisse
647 4051 822 4104 statuendum
840 4051 883 4104 sit.
913 4051 970 4103 ium
993 4049 1018 4102 si
1042 4065 1089 4103 uu.
1109 4048 1210 4102 medios
1228 4049 1269 4099 ita
1287 4046 1435 4100 ordinatos

282 4139 356 4204 (uara
376 4138 516 4192 turbatum
534 4139 657 4192 ordinem
670 4140 757 4192 muita
771 4140 902 4207 clamaret)
924 4143 1036 4203 11-10,
1057 4143 1170 4206 13-16,
1189 4140 1303 4202 15-18,
1323 4141 1434 4189 21-24

281 4226 482 4293 transposueris
501 4231 564 4281 aute
582 4226 621 4279 IX
635 4231 749 4294 49-51,
769 4227 834 4281 baec
853 4228 1000 4281 couiuucta
1013 4227 1129 4292 iustum,
1148 4225 1179 4278 ui
1196 4224 1294 4291 failor,
1312 4223 1435 4290 efficient
1509 4265 1510 4276 ,

281 4327 390 4366 carmeu
408 4315 521 4382 (similia
540 4316 596 4368 iam
611 4314 722 4369 Carutti
734 4315 881 4382 statuebat,
900 4315 1048 4369 dissimilia
1061 4315 1097 4367 A.
1112 4313 1237 4366 Liuduer
1251 4313 1282 4364 iu
1296 4311 1432 4370 Flecteris,

282 4416 347 4453 aua.
367 4417 392 4452 a.
414 4405 482 4452 1814
499 4418 526 4468 p.
548 4405 609 4468 838)
623 4403 633 4470 ΙΙ
647 4407 681 4456 30
699 4401 728 4454 in
747 4402 836 4455 thecis
856 4401 979 4474 Gupetus
