3046 5032
472 350 670 406 PROPERTII
688 347 756 404 LIB.
777 348 823 403 IV.
844 355 869 402 5.

643 657 685 730 V.

180 818 280 882 Terra
303 822 396 883 tuum
419 815 522 900 spinis
546 814 699 898 obducat,
722 815 810 892 leno,
834 811 1030 896 sepulerum,

224 925 270 990 Et
291 929 361 1008 tus,
386 923 471 1008 quod
493 944 560 988 non
584 923 647 1005 uis,
671 921 791 985 sentiat
813 919 929 984 umbre
952 917 1056 1000 sitim,

179 1032 248 1098 Neo
272 1032 406 1096 sedeant
428 1029 528 1094 sineri
551 1027 679 1112 Manes,
703 1031 736 1092 et
759 1025 918 1092 Cerberus
941 1024 1028 1089 ultor

181 1223 186 1230 ⁸
225 1139 348 1222 Turpis
370 1137 478 1201 ieiuno
502 1139 624 1200 terreat
647 1155 722 1199 osse
746 1154 836 1198 sono.

154 1246 287 1312 sDoots
310 1243 364 1308 uel
387 1242 605 1328 Hippolytum
629 1240 749 1306 Veneri
772 1239 899 1304 mollire
923 1240 1111 1322 negantem,

226 1351 450 1434 Concordique
472 1353 545 1414 toro
569 1349 711 1433 pessime
735 1368 861 1430 semper
884 1346 969 1430 suis,

180 1459 366 1542 Penelopen
389 1478 515 1542 quoque
538 1457 685 1540 neglecto
708 1475 837 1518 rumore
861 1452 972 1516 mariti

225 1557 355 1630 Nubere
379 1563 501 1628 lasciua
525 1565 655 1647 cogeret
677 1561 832 1626 Antinoo.

182 1673 245 1737 Illa
268 1670 364 1754 uelit,
385 1670 508 1753 poterit
530 1689 663 1753 magnes
686 1688 754 1732 non
777 1667 891 1732 duoere
915 1665 1036 1730 ferrum

138 1797 173 1845 10
227 1778 273 1842 Et
295 1776 436 1842 uolueris
459 1775 545 1840 nidis
569 1796 639 1840 esse
662 1795 802 1840 nouerca
825 1772 901 1837 suis.

183 1885 310 1968 Quippe
334 1885 378 1966 et,
402 1880 545 1948 Collinas
569 1882 609 1947 sd
631 1881 756 1946 fossum
778 1880 918 1944 mouerit
940 1879 1074 1964 herbas,

229 1988 358 2054 Stantis
380 1989 522 2054 surrenti
545 1989 743 2054 diluerentur
766 2010 859 2072 sque.

183 2097 300 2162 Audax
323 2098 472 2161 esutstee
495 2095 585 2183 leges
608 2097 763 2180 inponere
787 2097 882 2162 lunae

228 2203 273 2269 Et
296 2227 355 2268 sus
377 2207 536 2269 nocturno
559 2203 672 2268 fellere
695 2207 788 2290 terga
810 2204 904 2288 lupo,

140 2310 301 2376 loPosset
324 2313 357 2374 et
379 2311 523 2375 intentos
548 2313 620 2376 astu
644 2333 774 2376 oseosre
798 2311 934 2376 maritos

660 2479 678 2514 *

571 2565 588 2603 ‘l‘
749 2565 766 2603 ss

230 2683 402 2751 Coruinum
425 2685 592 2750 inmeritas
616 2686 701 2750 eruit
723 2706 831 2771 ungue
855 2707 968 2772 genes,

187 2791 423 2877 Consuluitque
446 2792 563 2878 striges
586 2794 700 2857 nostro
724 2791 762 2856 de
786 2793 955 2878 sanguiue,
979 2793 1069 2858 etin
1093 2815 1145 2858 me

232 2900 456 2984 Hippomanes
479 2899 564 2965 fetae
588 2898 713 2965 semina
734 2899 815 2984 legit
838 2921 946 2986 equas.

93 3099 310 3110 ,.-.-.-.---

169 3219 239 3274 Vsu.
257 3237 332 3274 uror.
384 3217 416 3271 V.
460 3216 574 3272 Nouum
592 3231 701 3270 aarmen
719 3216 751 3270 in
769 3221 788 3268 0
807 3217 854 3285 (sd
873 3216 984 3272 laensm
1002 3225 1024 3270 1>
1038 3223 1074 3288 v,
1092 3235 1142 3274 om.
1161 3226 1196 3287 F,
1215 3221 1246 3274 in

94 3327 150 3384 qua
164 3310 309 3380 prioritas
327 3307 455 3362 adhaeret
472 3307 522 3361 hoe
535 3307 720 3374 earmen‚sect
735 3305 786 3360 titt.
801 3307 909 3360 initiati
922 3308 1091 3377 distinctum)
1104 3308 1115 3377 11
1131 3315 1144 3361 1
1164 3309 1246 3364 leena

95 3409 119 3454 n
133 3405 156 3452 V
174 3400 297 3469 (semper)
313 3398 317 3465 1
335 3395 513 3465 sepulchrum
532 3395 625 3464 111122
646 3411 731 3464 quom
750 3393 853 3450 meruit
869 3395 1062 3452 Brouttusius
1080 3397 1155 3466 quod
1172 3397 1246 3452 nolis

94 3490 280 3546 Burmannus
298 3485 373 3555 quod
392 3501 464 3540 nuno
484 3500 513 3539 es
532 3484 698 3540 Fonteinius
717 3486 727 3554 l
745 3491 760 3538 3
780 3487 809 3538 et
826 3492 847 3537 n
863 3489 886 3536 11
900 3489 923 3536 v
942 3487 973 3554 (r
991 3503 1024 3540 m.
1045 3487 1089 3556 2):
1108 3503 1158 3540 om.
1177 3493 1198 3539 r
1217 3488 1247 3540 st

95 3579 142 3634 net
160 3575 209 3632 sed
229 3577 298 3645 ς15
316 3575 408 3630 Doete
425 3578 450 3628 et
467 3579 489 3627 r
507 3579 532 3628 et
551 3577 572 3624 v
590 3590 641 3644 inp.
661 3590 695 3627 m.
715 3577 747 3642 2,
766 3578 803 3626 lt:
828 3573 917 3628 Nocte
936 3581 958 3626 1>
972 3579 995 3626 v
1012 3574 1104 3629 Noeto
1122 3576 1246 3645 111ρο-

73 3676 75 3680 ’
95 3666 181 3722 litum
198 3670 220 3718 r
233 3669 258 3716 11
273 3667 278 3733 1
293 3661 392 3718 molire
410 3669 445 3730 D,
459 3666 482 3713 V
500 3678 534 3718 m.
554 3667 569 3716 1
584 3662 594 3730 11
609 3668 624 3717 6
643 3661 724 3716 thoro
742 3667 763 3713 1²
777 3666 802 3713 lt
814 3663 824 3731 11
839 3669 854 3717 ‘t
872 3649 1014 3732 Penelope
1033 3669 1054 3715 F
1067 3665 1077 3733 11
1096 3669 1113 3718 8
1131 3664 1246 3719 sutiuoo

96 3763 132 3825 r,
151 3771 220 3810 sorr.
238 3771 290 3825 my.
310 3770 345 3808 m.
363 3758 383 3809 2
402 3753 525 3821 sntynoo
543 3754 568 3803 r
594 3754 604 3821 1
631 3757 718 3806 9-12
737 3753 847 3820 spurios
861 3755 946 3822 patin
963 3751 1172 3808 Inntiotannus
1193 3755 1203 3822 1
1229 3758 1245 3806 9

97 3846 210 3918 poteret
227 3843 395 3900 Fontrinius
412 3841 506 3912 potuit
523 3856 570 3910 epo
598 3842 603 3909 1
632 3856 748 3910 magnes
766 3840 1012 3897 inducerentur
1040 3843 1050 3912 1
1079 3847 1112 3896 10
1131 3843 1247 3909 sortasse

99 3933 173 4002 Quin
191 3938 216 3988 et
233 3931 324 3988 mouit
341 3932 375 3986 ut
402 3932 407 4000 1
436 3930 548 3985 umbras
566 3930 701 3985 Heinsius
731 3931 741 3999 11
774 3937 806 3984 12
828 3935 988 4000 eorrraptum
1007 3931 1168 4002 Stegnsque
1186 3933 1246 3986 edd.

97 4025 205 4095 priseae
224 4023 331 4092 Stagna
348 4037 450 4075 nourr.
465 4019 648 4075 Burmannus
663 4019 736 4074 Saxo
753 4019 783 4073 in
802 4021 944 4075 curreutes
958 4018 1146 4075 dissoluentur
1159 4037 1247 4088 equas

98 4113 247 4180 Heinsius,
274 4111 324 4180 qui
351 4114 376 4164 et
401 4109 509 4179 Stagna
532 4111 561 4164 et
584 4125 606 4163 e.
634 4107 799 4162 deficientur
818 4125 842 4164 s.
877 4111 881 4178 1
916 4107 1090 4164 diruerentur
1105 4114 1248 4177 praeterea

98 4201 304 4268 Burmannustt
320 4204 351 4252 13
371 4200 483 4272 cantore
502 4200 546 4268 111
566 4196 710 4267 imponere
729 4202 788 4250 nv
805 4197 814 4269 11
834 4203 867 4252 15
886 4197 978 4252 Possit
996 4200 1028 4252 ut
1047 4213 1063 4256 ς
1079 4199 1083 4267 1
1100 4197 1183 4252 hustu
1200 4203 1222 4249 F
1238 4198 1246 4269 11

99 4294 171 4347 inter
191 4295 224 4344 15
243 4293 268 4344 et
288 4295 320 4342 16
339 4289 447 4356 aliquid
465 4288 633 4342 intercidisse
647 4293 717 4358 puto
748 4289 757 4357 11
791 4292 823 4340 16
855 4285 962 4342 immor.
981 4293 1003 4338 1)
1018 4290 1040 4337 v
1058 4285 1087 4340 iu
1106 4292 1213 4361 mer-r
1240 4286 1244 4358 1

100 4379 174 4435 eruit
190 4379 220 4432 in
237 4378 303 4448 igne
321 4383 352 4429 r'
363 4378 373 4446 11
392 4381 424 4430 18
443 4375 634 4446 Hippomenes
654 4377 682 4445 (s
699 4377 731 4430 in
749 4392 804 4431 ras.
822 4392 856 4429 ru.
871 4378 902 4444 2)
920 4379 955 4429 V:
974 4374 1122 4446 Ipomsues
1139 4381 1160 4427 r
1178 4374 1247 4450 Hip-

100 4484 232 4540 pomenes
250 4474 272 4520 1>
287 4472 310 4519 lt
326 4470 331 4538 1
346 4467 440 4522 foetae
458 4473 479 4518 n
499 4465 556 4542 fpte
574 4469 599 4518 11
