3052 5044
271 293 314 355 48
626 293 821 348 PROPERTII
838 293 905 348 LIB.
925 295 959 348 11.
979 302 1003 348 6.
1026 301 1049 349 7.

360 453 445 519 Nam
468 454 551 520 nihil
573 456 695 520 inuitae
718 455 823 520 tristis
847 457 994 522 custodia
1016 457 1162 540 prodest:

316 578 351 626 40
406 560 510 637 Quam
533 584 666 646 peccare
688 563 802 646 pudet,
825 562 982 648 Cynthia,
1005 568 1077 628 tuta
1100 567 1152 628 sat
1174 567 1234 628 est.

836 711 854 748 e

747 799 764 836 *
925 800 942 836 *

360 898 430 964 Nos
453 921 533 963 uxor
555 922 747 984 numquam,
770 923 948 985 numquam
972 901 1101 966 diducet
1121 901 1239 966 amica:

406 1003 540 1089 Semper
561 1007 673 1097 amica·
688 1008 782 1086 mihi,
806 1029 934 1091 semper
956 1012 990 1072 et
1010 1030 1093 1073 uxor
1116 1009 1188 1074 eris.

740 1223 953 1230 ——-—-—-—-

808 1384 884 1459 VII.

362 1537 485 1602 Gauisa
509 1561 543 1602 es
567 1544 652 1604 certe
677 1541 851 1623 sublatam,
875 1539 1029 1624 Cynthia,
1052 1540 1171 1624 legem,

408 1645 479 1722 Qua
501 1648 662 1729 quondam
685 1648 791 1712 edicta
813 1648 928 1712 flemus
950 1653 1085 1732 uterque
1109 1647 1176 1730 diu,

364 1753 456 1829 Quod
478 1775 538 1818 nos
562 1754 727 1819 diuideret
760 1756 907 1839 quamuis
931 1755 1079 1819 diducere
1103 1758 1251 1818 amantes

407 1857 484 1922 Non
507 1863 604 1942 queat
626 1861 747 1926 inuitos
769 1861 916 1945 Iuppiter
938 1862 1010 1944 ipse
1033 1857 1122 1925 duos.

337 1965 421 2030 5‘At
444 1985 580 2049 magnus
604 1965 744 2032 Caesar?
782 1969 837 2032 sed
861 1989 1000 2053 magnus
1024 1967 1145 2033 Caesar
1167 1967 1201 2030 in
1225 1967 1339 2030 armis:

406 2069 562 2136 Deuictae
586 2075 769 2158 gentes.nil
790 2075 825 2138 in
849 2097 957 2139 amore
981 2076 1100 2139 ualent.

362 2177 447 2242 Nam
471 2179 565 2243 citius
588 2184 717 2263 paterer
740 2185 839 2266 caput
860 2181 923 2246 hoc
946 2182 1110 2246 discedere
1134 2181 1231 2264 collo,

409 2284 512 2361 Quam
535 2307 665 2369 possem
688 2292 808 2370 nuptae
831 2290 964 2371 perdere
988 2311 1077 2354 more
1101 2288 1197 2352 faces.

364 2392 431 2455 Aut
454 2413 515 2476 ego
538 2393 712 2458 transirem
735 2396 793 2457 tua
815 2393 930 2458 limina
953 2395 1064 2458 clausa
1087 2394 1235 2475 maritus,

320 2515 353 2562 10
407 2498 595 2582 Respiciens
620 2498 691 2562 udis
715 2500 844 2582 prodita
867 2501 1066 2565 luminibus?

363 2608 408 2688 A,
432 2607 518 2670 mala
539 2610 608 2670 tum
632 2607 737 2690 qualis
761 2612 892 2673 caneret
914 2609 974 2672 sub
998 2607 1079 2670 tibia
1103 2627 1248 2688 somnos,

410 2712 520 2797 Tibia,
543 2713 672 2776 funesta
694 2713 820 2779 tristior
842 2715 900 2778 illa
922 2715 1014 2778 tuba!

838 2862 855 2898 >t

750 2950 767 2987 t<
927 2949 944 2986 ss

364 3048 458 3114 Unde
482 3050 561 3113 mihi
583 3051 698 3133 patriis
721 3053 817 3114 natos
840 3051 995 3132 praebere
1018 3047 1216 3132 triumphis?

408 3156 527 3222 Nullus
551 3157 589 3220 de
612 3161 723 3221 nostro
748 3157 905 3241 sanguine
928 3157 1021 3220 miles
1046 3160 1123 3221 erat

346 3329 417 3386 Vns.
437 3351 512 3388 nncr.
559 3339 592 3388 39
624 3333 688 3387 Nan
715 3338 735 3384 Ε
762 3335 772 3402 ΙΙ
799 3338 831 3385 41
860 3331 975 3386 diducet
1001 3331 1200 3385 Luehmunrius
1227 3332 1303 3398 (post
1336 3331 1431 3386 Volsci

226 3430 230 3435 '
265 3420 395 3490 ,deducet
413 3423 502 3476 eodem
519 3438 600 3476 seusu
614 3422 811 3490 propositum:
831 3437 876 3474 me
895 3419 979 3474 ducet
997 3424 1016 3471 0

346 3510 407 3564 Vll.
443 3512 529 3566 Noua
546 3512 631 3580 elepia
649 3527 709 3564 urm
727 3511 807 3563 titulo
827 3509 860 3562 de
879 3508 994 3578 cynthia
1013 3507 1162 3581 (cinthium
1178 3510 1210 3576 r)
1231 3510 1261 3562 iri
1280 3513 1300 3560 0
1325 3510 1336 3578 ΙΙ
1360 3515 1373 3561 1
1397 3527 1426 3563 es

276 3599 446 3653 Schraderus
464 3605 488 3654 ei
505 3599 700 3667 Koppiersius:
720 3599 800 3651 esto
823 3599 867 3666 flu
887 3596 1004 3652 condam
1024 3583 1045 3648 1s‘
1061 3601 1064 3662 Ι
1087 3597 1184 3650 flemus
1204 3613 1233 3655 5:
1252 3600 1359 3651 stemus
1378 3603 1398 3649 0
1418 3597 1426 3668 Η

276 3683 293 3739 ’3
311 3685 394 3751 Quod
411 3689 522 3755 scripsi:
543 3687 611 3753 Quis
631 3691 650 3739 0
669 3686 706 3739 Ni
724 3690 748 3737 lt
770 3687 780 3754 11
802 3692 820 3738 4
838 3687 943 3753 quaeat
959 3693 981 3738 1)
997 3685 1138 3754 {inuictos
1156 3688 1198 3753 ΕΙ
1214 3685 1319 3754 iupiter
1338 3691 1360 3736 r
1373 3691 1399 3737 x
1417 3687 1426 3756 (fi

276 3781 292 3828 b
313 3773 374 3843 sed]
394 3791 431 3827 an
449 3779 469 3825 1¹¹
488 3792 521 3830 m.
541 3776 611 3844 lut
630 3775 663 3828 D.
683 3774 775 3844 gentis
790 3805 822 3814 -
837 3775 915 3828 ualet
932 3774 1090 3828 Huschlrius
1108 3776 1118 3843 u
1138 3781 1154 3828 8
1172 3791 1250 3829 more
1269 3779 1328 3826 Fls
1348 3776 1384 3842 (rt
1403 3778 1426 3825 V

275 3881 310 3918 m.
330 3863 373 3930 2):
393 3879 487 3916 amore
505 3867 564 3916 DV
577 3864 617 3931 i9
635 3863 851 3932 luminatum
869 3862 952 3930 undis
971 3867 992 3914 Ε
1010 3863 1080 3917 uelis
1098 3870 1120 3916 Ι)
1136 3865 1141 3930 Ι
1157 3862 1268 3932 perdita
1287 3869 1308 3914 F
1326 3881 1361 3917 m.
1381 3869 1397 3916 1
1417 3863 1426 3934 l!

278 3959 309 4006 11
343 3952 462 4006 Amaia
479 3952 591 4020 scripsi:
617 3952 642 4004 A
667 3967 729 4004 mea
746 3955 805 4003 sn
829 3950 874 4004 Ah
897 3967 959 4004 mea
976 3957 998 4003 1)
1013 3954 1049 4018 V3
1075 3952 1140 4004 oiim
1166 3949 1297 4004 Carmina
1322 3951 1428 4005 conieci

276 4043 371 4110 (Mire.
393 4040 461 4095 Orit.
475 4057 507 4109 p.
527 4041 572 4109 86)
606 4041 611 4106 Ι
644 4039 712 4092 dnm
729 4045 750 4091 r
769 4057 848 4094 cruce
865 4040 994 4108 oppositu
1028 4043 1032 4105 Ι
1066 4040 1118 4092 sub
1142 4037 1215 4093 tibia
1236 4039 1338 4106 scripsi
1356 4039 1373 4093 Ι.
1394 4039 1426 4093 t:

276 4130 348 4184 tibia
366 4135 387 4182 r
406 4133 468 4200 (mp.
488 4146 521 4184 ru.
542 4134 561 4185 2
580 4129 633 4184 tibi
652 4130 726 4197 odd.)
751 4129 804 4184 tibi
822 4129 893 4183 tibia
910 4134 933 4180 1>
947 4132 970 4179 v
988 4127 1042 4182 tibi
1059 4128 1140 4196 tybia
1156 4133 1181 4180 N
1199 4127 1254 4180 tibi
1272 4127 1391 4196 cynthia
1410 4143 1427 4184 ς

276 4217 330 4271 tibi
347 4219 437 4286 Lydia
454 4218 626 4285 Erecthium
645 4219 705 4272 ulia
723 4218 775 4272 aiii
791 4232 954 4286 proposuere
980 4217 990 4283 ΙΙ
1017 4235 1035 4270 a
1053 4233 1081 4270 u.
1102 4222 1134 4270 13
1153 4233 1230 4270 cocu
1247 4217 1280 4269 iu
1298 4219 1319 4267 0
1338 4217 1427 4284 cispio

277 4309 349 4374 (cum
367 4308 446 4360 titulo
464 4307 500 4361 ad
519 4307 660 4376 cynthiam
678 4309 711 4360 iri
727 4313 749 4359 1)
763 4311 799 4358 V:
818 4323 868 4360 om.
887 4311 908 4357 1³
922 4307 956 4374 Ν)
970 4307 980 4372 i
995 4311 1027 4358 13
1047 4305 1136 4358 Latiis
1155 4305 1290 4368 Heinsius
1309 4305 1427 4360 Parthis

277 4394 458 4449 Ruhuterrius
474 4401 478 4465 Ι
493 4398 574 4450 natos
584 4399 619 4448 1³:
638 4396 738 4463 gnatos
753 4396 855 4463 eduin
871 4401 903 4448 14
922 4394 982 4449 erat
995 4394 1096 4461 scripsi
1110 4395 1155 4462 (es.
1166 4393 1192 4446 ll
1207 4399 1251 4462 34,
1266 4396 1325 4462 56):
1341 4393 1428 4448 erito
