3004 5068
267 358 307 412 IV
697 355 980 412 PROLEGOMENA.

273 519 408 612 honore,
444 521 633 584 mutabatur
665 520 700 583 in
727 519 856 602 culpam
883 541 949 583 non
976 519 1149 601 minorem,
1176 516 1269 581 unius
1300 515 1419 582 codicis

271 610 401 711 eiusque
428 627 599 692 mediocris
627 626 871 691 uenerationem
894 625 1042 709 nimiam3
1071 627 1104 689 et
1131 623 1301 708 permultis
1329 624 1418 708 locis,

268 731 384 817 quibus
412 755 508 817 quam
538 733 676 796 maxime
705 733 861 796 intererat
888 735 976 797 certo
1003 753 1099 796 nosse
1127 730 1203 815 quid
1238 730 1417 815 antiquitus

269 843 355 903 esset
377 839 544 924 traditum,
566 840 755 923 incorrupta
778 840 818 903 ab
842 838 936 902 Italis
960 838 1121 921 scriptura
1143 837 1184 900 ad
1206 837 1293 901 hunc
1316 859 1417 922 usque

274 946 358 1011 diem
381 947 494 1032 ignota
517 946 588 1011 fuit.
623 1009 626 1015 Α

360 1051 463 1129 Quam
494 1053 581 1116 uiam
614 1055 723 1116 autern
754 1052 831 1117 olim
864 1052 899 1115 in
930 1049 1058 1116 Catullo
1090 1051 1203 1134 [praef.
1230 1075 1260 1135 p.
1287 1051 1335 1116 XI
1356 1054 1415 1136 sq.]

137 1243 140 1251 .
270 1161 444 1225 ineundam
468 1181 538 1225 esse
562 1158 791 1242 demonstraui,
815 1158 949 1222 eandem
974 1157 1243 1243 quemadmodum
1261 1179 1365 1241 nuper
1383 1158 1417 1221 in

269 1266 399 1331 Tibullo
424 1267 469 1330 sic
492 1287 577 1330 nunc
600 1265 635 1328 in
649 1265 817 1348 Propertio
842 1265 1039 1330 tutissimam
1063 1265 1210 1350 cognoui.
1247 1265 1366 1348 quippe
1385 1265 1419 1327 in

270 1373 321 1436 his
346 1372 546 1456 auctoribus,
570 1393 705 1455 quorum
728 1374 853 1436 ueteres
877 1372 1001 1436 codices
1024 1371 1207 1456 perierunt,
1230 1370 1419 1456 apographa

270 1479 382 1542 statim
418 1481 494 1561 post
530 1477 605 1542 illos
642 1480 788 1561 repertos
824 1478 913 1542 facta
945 1478 1128 1561 indaganda
1158 1481 1247 1562 sunt,
1279 1476 1420 1562 quando-

272 1583 400 1668 quidem
417 1606 436 1648 a
452 1583 573 1648 saeculi
586 1581 665 1647 XIV
679 1583 865 1648 bominibus
881 1584 1056 1648 etiamtunc
1071 1584 1153 1648 afuit
1166 1584 1224 1648 illa
1238 1584 1421 1668 corrigendi
1449 1649 1460 1666 ‚

261 1689 556 1776 'interpolandique
574 1691 716 1776 prurigo,
741 1711 823 1775 quae
841 1690 917 1755 inde
940 1713 959 1754 a
983 1690 1101 1756 saeculi
1119 1689 1182 1755 XV
1200 1691 1294 1755 initio
1313 1691 1421 1774 magis

271 1798 439 1882 magisque
463 1798 585 1862 inuasit
608 1798 729 1882 doctos,
753 1801 786 1862 et
807 1797 840 1862 id
863 1799 968 1863 multo
991 1818 1050 1862 usu
1075 1800 1226 1882 expertus
1251 1818 1331 1880 sum,
1355 1819 1422 1880 quo

272 1906 345 1988 quis
367 1904 449 1969 liber
471 1905 619 1970 nouicius
643 1905 748 1989 magis
771 1903 899 1978 recedat
923 1905 964 1968 ab
988 1905 1155 1988 archetypi
1181 1904 1307 1968 inuenti
1337 1906 1421 1967 tem·

271 2029 360 2094 pore,
389 2011 452 2075 hoo
480 2031 553 2074 eum
580 2012 675 2095 plura
698 2011 838 2095 uestigia
861 2014 894 2074 et
915 2011 1175 2094 interpolationis
1203 2014 1236 2075 et
1265 2011 1425 2094 depraua-

273 2118 372 2182 tionis
395 2115 565 2200 praeferre.
603 2118 659 2182 sed
682 2117 723 2181 ad
746 2117 826 2182 haec
850 2117 1038 2202 apographa
1062 2117 1289 2202 antiquissima
1311 2117 1425 2182 nanci-

276 2223 394 2288 scenda
417 2227 546 2307 oportet
572 2245 639 2288 non
662 2224 850 2308 adquiescas
873 2224 909 2287 in
932 2223 1035 2307 copiis
1060 2247 1079 2288 a
1102 2225 1321 2308 superioribus
1346 2245 1425 2289 con-

273 2330 373 2416 gestis
390 2327 460 2416 (qui
478 2330 531 2394 uel
549 2329 584 2394 in
603 2331 784 2395 definienda
802 2331 959 2395 librorum
979 2333 1085 2394 aetate
1101 2331 1230 2414 saepius
1246 2329 1425 2416 errabant),

275 2437 330 2501 sed
360 2459 440 2521 opus
470 2439 521 2500 est
548 2431 693 2524 αὐτοψίᾳ
717 2441 750 2502 et
777 2458 863 2502 noua
886 2436 1157 2502 bibliothecarum
1180 2437 1427 2522 perquisitione.

272 2545 306 2606 et
334 2543 396 2608 hac
423 2543 548 2606 ratione
576 2561 766 2627 progressus
797 2543 873 2626 quid
901 2542 936 2606 in
957 2543 1126 2626 Propertio
1155 2565 1283 2629 quoque
1311 2565 1425 2610 eonse-

275 2652 367 2714 eutus
399 2650 473 2733 sim,
502 2649 702 2736 gaudibundi
730 2654 767 2714 ut
795 2669 936 2734 auguror
963 2650 1100 2716 lectores
1127 2650 1192 2715 iam
1221 2651 1423 2736 intellegent.

363 2753 499 2821 Ouinam
522 2757 608 2822 Italo
627 2756 785 2841 protracti
808 2757 842 2820 in
859 2758 965 2822 lucem
983 2757 1145 2841 Propertii
1171 2759 1242 2822 laus
1266 2757 1424 2823 debeatur

273 2862 490 2949 ignoratur*).
536 2864 677 2947 primum
700 2861 887 2928 Petrarcam
916 2866 1045 2929 constat
1068 2863 1230 2948 Propertii
1259 2865 1424 2949 exemplar

274 2969 471 3052 possedisse:
496 2969 534 3034 cf.
557 2969 600 3034 M.
624 2968 788 3053 Hauptius
813 2991 921 3054 opusc.
944 2969 961 3034 Ι
983 2993 1013 3054 p.
1038 2971 1102 3035 277
1119 2993 1187 3056 sqq.
1225 2974 1259 3036 et
1281 2971 1355 3036 inde
1380 2973 1424 3036 ab

273 3075 369 3140 huius
398 3078 545 3160 tempore
573 3076 731 3160 paulatim
758 3077 794 3140 in
816 3077 985 3142 hominum
1008 3078 1159 3142 notitiam
1182 3079 1292 3142 uenire
1315 3079 1428 3162 eoepit

275 3186 374 3266 poeta
392 3161 523 3248 Ulhber.
560 3183 610 3247 bis
629 3186 738 3246 autem
758 3183 885 3248 saeculo
903 3181 983 3247 XIV
1001 3183 1067 3247 fere
1086 3184 1192 3249 medio
1212 3185 1426 3268 archetypum

276 3289 472 3374 descriptum
497 3309 566 3354 esse
596 3289 712 3354 docent
739 3289 864 3354 codices
892 3313 912 3354 a
938 3309 990 3354 me
1017 3289 1166 3374 adhibiti,
1199 3292 1253 3376 qui
1280 3292 1315 3355 in
1343 3291 1425 3357 duas

278 3397 446 3461 discedunt
468 3395 621 3462 familias,
659 3396 699 3460 ad
722 3417 858 3480 quarum
881 3395 1022 3480 priorem
1045 3396 1208 3480 pertinent
1231 3397 1266 3461 bi
1289 3399 1377 3462 libri:

363 3511 394 3566 A
416 3531 458 3554 =
481 3503 580 3567 codex
606 3502 785 3568 Vossianus
817 3503 940 3567 latinus
969 3503 1093 3568 formae
1125 3507 1260 3569 octauae
1290 3505 1425 3570 maioris

279 3627 414 3674 numero
438 3609 480 3674 38
504 3609 688 3694 insignitus,
711 3611 984 3693 membranaceus,
1007 3609 1095 3675 foliis
1115 3613 1266 3676 constans
1285 3611 1425 3677 sedecim

276 3716 437 3780 linearum
460 3717 646 3780 uicenarum
671 3720 909 3801 quaternarum.
945 3721 1094 3782 exaratus
1123 3721 1173 3782 est
1201 3718 1359 3802 scriptura
1385 3712 1426 3783 ea

279 3843 360 3905 quae
380 3821 541 3886 saeculum
559 3822 638 3887 XIV
658 3823 742 3887 clare
762 3827 934 3908 aperteque
951 3824 1073 3889 indicat
1091 3821 1191 3910 (circa
1205 3847 1232 3890 a.
1246 3825 1313 3890 sere
1330 3827 1424 3909 1360,

277 3931 315 3991 ut
339 3928 419 3991 mibi
442 3927 617 3994 identidem
642 3929 841 3994 examinanti
864 3933 915 3994 est
935 3929 1056 4017 uisum)
1084 3935 1117 3996 et
1139 3932 1335 4016 compendiis
1358 3953 1425 3997 uon

276 4034 324 4098 ita
351 4036 481 4118 paucis,
508 4035 549 4100 ad
577 4055 659 4119 quae
687 4036 905 4101 conlationem
933 4037 1117 4102 instituenti
1144 4039 1225 4104 bene
1248 4043 1299 4103 est
1321 4042 1422 4104 atten-

360 4280 386 4349 *)
410 4297 515 4335 meram
540 4287 600 4335 esse
623 4280 746 4334 fabulam
772 4279 924 4336 Alexandri
947 4282 982 4336 ab
1004 4283 1161 4338 Alexandro
1183 4283 1370 4339 narrationem
1389 4285 1423 4340 de

282 4367 379 4422 codice
403 4369 588 4438 Propertiano
612 4384 629 4424 a
651 4369 767 4424 Ioniano
792 4369 919 4425 Portuno
941 4375 1064 4442 reperto,
1093 4373 1196 4428 dudum
1221 4373 1348 4443 agnitum
1370 4375 1422 4428 este

276 4457 310 4510 cf.
330 4456 529 4526 Hertzbergius
547 4457 560 4511 I
578 4475 605 4528 p.
626 4464 685 4513 231.
