<?xml version="1.0" encoding="UTF-8"?>
<!DOCTYPE html PUBLIC "-//W3C//DTD XHTML 1.0 Transitional//EN"
    "http://www.w3.org/TR/xhtml1/DTD/xhtml1-transitional.dtd">
<html xmlns="http://www.w3.org/1999/xhtml" xml:lang="en" lang="en">
 <head>
  <title>
</title>
<meta http-equiv="Content-Type" content="text/html;charset=utf-8" />
  <meta name='ocr-system' content='tesseract 3.04.00' />
  <meta name='ocr-capabilities' content='ocr_page ocr_carea ocr_par ocr_line ocrx_word'/>
</head>
<body>
  <div class='ocr_page' id='page_1' title='image "./elegiarumlibrii00propgoog_0217.png"; bbox 0 0 3046 5032; ppageno 0'>
   <div class='ocr_carea' id='block_1_1' title="bbox 268 301 1066 366">
    <p class='ocr_par' dir='ltr' id='par_1_1' title="bbox 268 301 1066 366">
     <span class='ocr_line' id='line_1_1' title="bbox 268 301 1066 366; baseline -0.01 -2"><span class='ocrx_word' id='word_1_1' title='bbox 268 301 332 366; x_wconf 84' lang='lat'>156</span> <span class='ocrx_word' id='word_1_2' title='bbox 612 301 809 357; x_wconf 81' lang='lat' dir='ltr'>PROPERTII</span> <span class='ocrx_word' id='word_1_3' title='bbox 827 303 893 357; x_wconf 88' lang='lat' dir='ltr'><strong>LIB.</strong></span> <span class='ocrx_word' id='word_1_4' title='bbox 913 302 961 357; x_wconf 94' lang='lat' dir='ltr'>IV.</span> <span class='ocrx_word' id='word_1_5' title='bbox 982 309 1005 359; x_wconf 93' lang='lat'>1.</span> <span class='ocrx_word' id='word_1_6' title='bbox 1026 301 1066 356; x_wconf 66' lang='lat' dir='ltr'>lb.</span> 
     </span>
    </p>
   </div>
   <div class='ocr_carea' id='block_1_2' title="bbox 284 676 1326 2366">
    <p class='ocr_par' dir='ltr' id='par_1_2' title="bbox 284 676 1326 2366">
     <span class='ocr_line' id='line_1_2' title="bbox 312 676 1197 764; baseline 0.002 -22"><span class='ocrx_word' id='word_1_7' title='bbox 312 693 345 743; x_wconf 84' lang='grc'>66</span> <span class='ocrx_word' id='word_1_8' title='bbox 356 677 490 762; x_wconf 84' lang='lat' dir='ltr'>Optima</span> <span class='ocrx_word' id='word_1_9' title='bbox 511 678 674 746; x_wconf 87' lang='lat' dir='ltr'>nutricum</span> <span class='ocrx_word' id='word_1_10' title='bbox 696 677 818 744; x_wconf 88' lang='lat' dir='ltr'>nostris</span> <span class='ocrx_word' id='word_1_11' title='bbox 841 678 920 762; x_wconf 83' lang='lat' dir='ltr'>lupa</span> <span class='ocrx_word' id='word_1_12' title='bbox 942 676 1197 764; x_wconf 61' lang='lat' dir='ltr'>marciniacus,</span> 
     </span>
     <span class='ocr_line' id='line_1_3' title="bbox 402 784 1063 861; baseline 0.002 -12"><span class='ocrx_word' id='word_1_13' title='bbox 402 784 517 861; x_wconf 78' lang='lat' dir='ltr'>Qualia</span> <span class='ocrx_word' id='word_1_14' title='bbox 540 788 713 851; x_wconf 90' lang='lat' dir='ltr'>creuerunt</span> <span class='ocrx_word' id='word_1_15' title='bbox 734 786 864 850; x_wconf 85' lang='lat' dir='ltr'>moenia</span> <span class='ocrx_word' id='word_1_16' title='bbox 885 786 970 850; x_wconf 85' lang='lat' dir='ltr'>lacte</span> <span class='ocrx_word' id='word_1_17' title='bbox 991 785 1063 850; x_wconf 90' lang='lat' dir='ltr'>tuo!</span> 
     </span>
     <span class='ocr_line' id='line_1_4' title="bbox 356 889 1173 977; baseline 0.002 -21"><span class='ocrx_word' id='word_1_18' title='bbox 356 889 487 972; x_wconf 78' lang='lat' dir='ltr'>Moenia</span> <span class='ocrx_word' id='word_1_19' title='bbox 508 914 648 976; x_wconf 86' lang='lat' dir='ltr'>namque</span> <span class='ocrx_word' id='word_1_20' title='bbox 671 893 725 977; x_wconf 94' lang='lat' dir='ltr'>pio</span> <span class='ocrx_word' id='word_1_21' title='bbox 749 913 847 958; x_wconf 89' lang='lat' dir='ltr'>coner</span> <span class='ocrx_word' id='word_1_22' title='bbox 869 890 1039 977; x_wconf 80' lang='lat' dir='ltr'>disponere</span> <span class='ocrx_word' id='word_1_23' title='bbox 1061 913 1173 958; x_wconf 87' lang='lat' dir='ltr'>uersu:</span> 
     </span>
     <span class='ocr_line' id='line_1_5' title="bbox 399 997 1294 1084; baseline 0.002 -22"><span class='ocrx_word' id='word_1_24' title='bbox 399 997 441 1062; x_wconf 79' lang='lat' dir='ltr'>Ei</span> <span class='ocrx_word' id='word_1_25' title='bbox 464 999 559 1084; x_wconf 87' lang='lat' dir='ltr'>mihi,</span> <span class='ocrx_word' id='word_1_26' title='bbox 582 999 668 1084; x_wconf 91' lang='lat' dir='ltr'>quod</span> <span class='ocrx_word' id='word_1_27' title='bbox 690 1003 805 1065; x_wconf 88' lang='lat' dir='ltr'>nostro</span> <span class='ocrx_word' id='word_1_28' title='bbox 830 1003 879 1064; x_wconf 86' lang='lat' dir='ltr'>est</span> <span class='ocrx_word' id='word_1_29' title='bbox 901 1021 1021 1083; x_wconf 82' lang='lat' dir='ltr'>paruus</span> <span class='ocrx_word' id='word_1_30' title='bbox 1044 1000 1079 1063; x_wconf 94' lang='lat' dir='ltr'>in</span> <span class='ocrx_word' id='word_1_31' title='bbox 1102 1021 1158 1064; x_wconf 90' lang='lat' dir='ltr'>ore</span> <span class='ocrx_word' id='word_1_32' title='bbox 1181 1001 1294 1066; x_wconf 79' lang='lat' dir='ltr'>sonus!</span> 
     </span>
     <span class='ocr_line' id='line_1_6' title="bbox 356 1093 1221 1193; baseline -0.001 -23"><span class='ocrx_word' id='word_1_33' title='bbox 356 1102 419 1170; x_wconf 80' lang='lat' dir='ltr'>Sed</span> <span class='ocrx_word' id='word_1_34' title='bbox 441 1110 553 1171; x_wconf 86' lang='lat' dir='ltr'>tamen</span> <span class='ocrx_word' id='word_1_35' title='bbox 577 1108 693 1193; x_wconf 79' lang='lat' dir='ltr'>exiguo</span> <span class='ocrx_word' id='word_1_36' title='bbox 719 1093 941 1192; x_wconf 87' lang='lat' dir='ltr'>quodcumque</span> <span class='ocrx_word' id='word_1_37' title='bbox 965 1127 982 1170; x_wconf 91' lang='lat' dir='ltr'>e</span> <span class='ocrx_word' id='word_1_38' title='bbox 1004 1109 1134 1190; x_wconf 75' lang='lat' dir='ltr'>pectore</span> <span class='ocrx_word' id='word_1_39' title='bbox 1158 1107 1221 1171; x_wconf 90' lang='lat' dir='ltr'>riui</span> 
     </span>
     <span class='ocr_line' id='line_1_7' title="bbox 311 1211 1177 1297; baseline 0.005 -22"><span class='ocrx_word' id='word_1_40' title='bbox 311 1227 346 1276; x_wconf 91' lang='grc' dir='ltr'>6ο</span> <span class='ocrx_word' id='word_1_41' title='bbox 399 1211 558 1297; x_wconf 84' lang='lat' dir='ltr'>Fluxerit,</span> <span class='ocrx_word' id='word_1_42' title='bbox 580 1214 642 1279; x_wconf 89' lang='lat' dir='ltr'>hoc</span> <span class='ocrx_word' id='word_1_43' title='bbox 666 1213 792 1297; x_wconf 77' lang='lat' dir='ltr'>patriae</span> <span class='ocrx_word' id='word_1_44' title='bbox 816 1212 937 1278; x_wconf 88' lang='lat' dir='ltr'>seruiet</span> <span class='ocrx_word' id='word_1_45' title='bbox 959 1234 1054 1277; x_wconf 87' lang='lat' dir='ltr'>omne</span> <span class='ocrx_word' id='word_1_46' title='bbox 1077 1233 1177 1279; x_wconf 85' lang='lat' dir='ltr'>meae.</span> 
     </span>
     <span class='ocr_line' id='line_1_8' title="bbox 354 1317 1113 1405; baseline 0.003 -23"><span class='ocrx_word' id='word_1_47' title='bbox 354 1317 480 1385; x_wconf 81' lang='lat' dir='ltr'>Ennius</span> <span class='ocrx_word' id='word_1_48' title='bbox 503 1320 630 1386; x_wconf 83' lang='lat' dir='ltr'>hirsuta</span> <span class='ocrx_word' id='word_1_49' title='bbox 653 1321 764 1405; x_wconf 84' lang='lat' dir='ltr'>cingat</span> <span class='ocrx_word' id='word_1_50' title='bbox 787 1343 845 1385; x_wconf 87' lang='lat' dir='ltr'>sua</span> <span class='ocrx_word' id='word_1_51' title='bbox 869 1318 956 1384; x_wconf 83' lang='lat' dir='ltr'>dicta</span> <span class='ocrx_word' id='word_1_52' title='bbox 979 1341 1113 1384; x_wconf 86' lang='lat' dir='ltr'>corona:</span> 
     </span>
     <span class='ocr_line' id='line_1_9' title="bbox 399 1423 1174 1511; baseline 0 -21"><span class='ocrx_word' id='word_1_53' title='bbox 399 1423 446 1490; x_wconf 88' lang='lat' dir='ltr'>Mi</span> <span class='ocrx_word' id='word_1_54' title='bbox 469 1426 548 1492; x_wconf 86' lang='lat' dir='ltr'>folia</span> <span class='ocrx_word' id='word_1_55' title='bbox 571 1450 609 1492; x_wconf 88' lang='lat' dir='ltr'>ex</span> <span class='ocrx_word' id='word_1_56' title='bbox 631 1426 751 1491; x_wconf 79' lang='lat' dir='ltr'>hedera</span> <span class='ocrx_word' id='word_1_57' title='bbox 773 1427 916 1511; x_wconf 79' lang='lat' dir='ltr'>porrige,</span> <span class='ocrx_word' id='word_1_58' title='bbox 939 1425 1081 1511; x_wconf 85' lang='lat' dir='ltr'>Bacche,</span> <span class='ocrx_word' id='word_1_59' title='bbox 1103 1430 1174 1506; x_wconf 86' lang='lat' dir='ltr'>tua,</span> 
     </span>
     <span class='ocr_line' id='line_1_10' title="bbox 357 1530 1225 1618; baseline 0 -21"><span class='ocrx_word' id='word_1_60' title='bbox 357 1530 403 1597; x_wconf 87' lang='lat' dir='ltr'>Ut</span> <span class='ocrx_word' id='word_1_61' title='bbox 424 1533 547 1598; x_wconf 87' lang='lat' dir='ltr'>nostris</span> <span class='ocrx_word' id='word_1_62' title='bbox 569 1533 747 1598; x_wconf 80' lang='lat' dir='ltr'>tumefacta</span> <span class='ocrx_word' id='word_1_63' title='bbox 770 1533 937 1618; x_wconf 87' lang='lat' dir='ltr'>superbiat</span> <span class='ocrx_word' id='word_1_64' title='bbox 959 1531 1097 1598; x_wconf 86' lang='lat' dir='ltr'>Umbria</span> <span class='ocrx_word' id='word_1_65' title='bbox 1120 1533 1225 1617; x_wconf 86' lang='lat' dir='ltr'>libris,</span> 
     </span>
     <span class='ocr_line' id='line_1_11' title="bbox 400 1637 1058 1723; baseline -0.002 -19"><span class='ocrx_word' id='word_1_66' title='bbox 400 1637 536 1704; x_wconf 86' lang='lat' dir='ltr'>Umbria</span> <span class='ocrx_word' id='word_1_67' title='bbox 559 1639 700 1704; x_wconf 85' lang='lat' dir='ltr'>Romani</span> <span class='ocrx_word' id='word_1_68' title='bbox 722 1639 830 1723; x_wconf 87' lang='lat' dir='ltr'>patria</span> <span class='ocrx_word' id='word_1_69' title='bbox 854 1637 1058 1705; x_wconf 73' lang='lat' dir='ltr'>Callimachi.</span> 
     </span>
     <span class='ocr_line' id='line_1_12' title="bbox 312 1742 1215 1831; baseline 0.003 -22"><span class='ocrx_word' id='word_1_70' title='bbox 312 1759 346 1809; x_wconf 84' lang='grc'>66</span> <span class='ocrx_word' id='word_1_71' title='bbox 358 1742 556 1811; x_wconf 83' lang='lat' dir='ltr'>Soandentcs</span> <span class='ocrx_word' id='word_1_72' title='bbox 579 1746 725 1831; x_wconf 90' lang='lat' dir='ltr'>quisquis</span> <span class='ocrx_word' id='word_1_73' title='bbox 749 1750 860 1811; x_wconf 87' lang='lat' dir='ltr'>cernet</span> <span class='ocrx_word' id='word_1_74' title='bbox 883 1746 921 1811; x_wconf 86' lang='lat' dir='ltr'>dc</span> <span class='ocrx_word' id='word_1_75' title='bbox 944 1747 1084 1812; x_wconf 83' lang='lat' dir='ltr'>uallibus</span> <span class='ocrx_word' id='word_1_76' title='bbox 1109 1769 1215 1831; x_wconf 83' lang='lat' dir='ltr'>arces,</span> 
     </span>
     <span class='ocr_line' id='line_1_13' title="bbox 401 1852 1028 1938; baseline 0.003 -22"><span class='ocrx_word' id='word_1_77' title='bbox 401 1852 537 1938; x_wconf 82' lang='lat' dir='ltr'>Ingenio</span> <span class='ocrx_word' id='word_1_78' title='bbox 560 1874 670 1920; x_wconf 88' lang='lat' dir='ltr'>muros</span> <span class='ocrx_word' id='word_1_79' title='bbox 695 1854 844 1918; x_wconf 85' lang='lat' dir='ltr'>aestimet</span> <span class='ocrx_word' id='word_1_80' title='bbox 866 1853 924 1917; x_wconf 90' lang='lat' dir='ltr'>ille</span> <span class='ocrx_word' id='word_1_81' title='bbox 946 1874 1028 1918; x_wconf 92' lang='lat' dir='ltr'>meo.</span> 
     </span>
     <span class='ocr_line' id='line_1_14' title="bbox 356 1957 1310 2046; baseline 0.004 -23"><span class='ocrx_word' id='word_1_82' title='bbox 356 1957 474 2044; x_wconf 85' lang='lat' dir='ltr'>Roma,</span> <span class='ocrx_word' id='word_1_83' title='bbox 496 1958 584 2045; x_wconf 87' lang='lat' dir='ltr'>fane,</span> <span class='ocrx_word' id='word_1_84' title='bbox 606 1959 668 2024; x_wconf 90' lang='lat' dir='ltr'>tibi</span> <span class='ocrx_word' id='word_1_85' title='bbox 692 1960 798 2045; x_wconf 79' lang='lat' dir='ltr'>surgit</span> <span class='ocrx_word' id='word_1_86' title='bbox 819 1980 916 2043; x_wconf 87' lang='lat' dir='ltr'>opus:</span> <span class='ocrx_word' id='word_1_87' title='bbox 940 1959 1015 2024; x_wconf 87' lang='lat' dir='ltr'>date</span> <span class='ocrx_word' id='word_1_88' title='bbox 1038 1960 1190 2042; x_wconf 83' lang='lat' dir='ltr'>candida,</span> <span class='ocrx_word' id='word_1_89' title='bbox 1213 1962 1310 2046; x_wconf 89' lang='lat' dir='ltr'>ciues,</span> 
     </span>
     <span class='ocr_line' id='line_1_15' title="bbox 400 2063 1139 2152; baseline 0.004 -22"><span class='ocrx_word' id='word_1_90' title='bbox 400 2063 529 2152; x_wconf 84' lang='lat' dir='ltr'>Omina,</span> <span class='ocrx_word' id='word_1_91' title='bbox 553 2070 586 2132; x_wconf 88' lang='lat' dir='ltr'>et</span> <span class='ocrx_word' id='word_1_92' title='bbox 608 2067 746 2151; x_wconf 81' lang='lat' dir='ltr'>inceptis</span> <span class='ocrx_word' id='word_1_93' title='bbox 770 2067 903 2131; x_wconf 85' lang='lat' dir='ltr'>dextere</span> <span class='ocrx_word' id='word_1_94' title='bbox 927 2068 1037 2130; x_wconf 86' lang='lat' dir='ltr'>cantet</span> <span class='ocrx_word' id='word_1_95' title='bbox 1058 2068 1139 2134; x_wconf 83' lang='lat' dir='ltr'>cuis.</span> 
     </span>
     <span class='ocr_line' id='line_1_16' title="bbox 284 2165 1326 2259; baseline 0.006 -23"><span class='ocrx_word' id='word_1_96' title='bbox 284 2165 287 2172; x_wconf 62' lang='grc'><em>’</em></span> <span class='ocrx_word' id='word_1_97' title='bbox 357 2170 456 2238; x_wconf 79' lang='lat' dir='ltr'>Sacra</span> <span class='ocrx_word' id='word_1_98' title='bbox 479 2172 610 2258; x_wconf 77' lang='lat' dir='ltr'>diesque</span> <span class='ocrx_word' id='word_1_99' title='bbox 633 2195 747 2239; x_wconf 85' lang='lat' dir='ltr'>cenam</span> <span class='ocrx_word' id='word_1_100' title='bbox 771 2177 804 2238; x_wconf 86' lang='lat' dir='ltr'>et</span> <span class='ocrx_word' id='word_1_101' title='bbox 826 2174 1020 2258; x_wconf 84' lang='lat' dir='ltr'>cognomina</span> <span class='ocrx_word' id='word_1_102' title='bbox 1041 2175 1148 2259; x_wconf 84' lang='lat' dir='ltr'>prisca</span> <span class='ocrx_word' id='word_1_103' title='bbox 1171 2176 1326 2242; x_wconf 89' lang='lat' dir='ltr'>locorum:</span> 
     </span>
     <span class='ocr_line' id='line_1_17' title="bbox 314 2277 1182 2366; baseline 0.006 -24"><span class='ocrx_word' id='word_1_104' title='bbox 314 2293 347 2342; x_wconf 73' lang='lat'>70</span> <span class='ocrx_word' id='word_1_105' title='bbox 403 2277 472 2343; x_wconf 83' lang='lat' dir='ltr'>Has</span> <span class='ocrx_word' id='word_1_106' title='bbox 495 2301 585 2344; x_wconf 90' lang='lat' dir='ltr'>meus</span> <span class='ocrx_word' id='word_1_107' title='bbox 609 2280 651 2344; x_wconf 87' lang='lat' dir='ltr'>ad</span> <span class='ocrx_word' id='word_1_108' title='bbox 674 2284 778 2345; x_wconf 85' lang='lat' dir='ltr'>metas</span> <span class='ocrx_word' id='word_1_109' title='bbox 802 2279 897 2345; x_wconf 87' lang='lat' dir='ltr'>sudet</span> <span class='ocrx_word' id='word_1_110' title='bbox 918 2283 1049 2364; x_wconf 86' lang='lat' dir='ltr'>oportet</span> <span class='ocrx_word' id='word_1_111' title='bbox 1072 2303 1182 2366; x_wconf 85' lang='lat' dir='ltr'>equus.</span> 
     </span>
    </p>
   </div>
   <div class='ocr_carea' id='block_1_3' title="bbox 735 2514 948 2522">
    <p class='ocr_par' dir='ltr' id='par_1_3' title="bbox 735 2514 948 2522">
     <span class='ocr_line' id='line_1_18' title="bbox 735 2514 948 2522; baseline -0.009 0"><span class='ocrx_word' id='word_1_112' title='bbox 735 2514 948 2522; x_wconf 81' lang='lat'>——-</span> 
     </span>
    </p>
   </div>
   <div class='ocr_carea' id='block_1_4' title="bbox 819 2685 868 2764">
    <p class='ocr_par' dir='ltr' id='par_1_4' title="bbox 819 2685 868 2764">
     <span class='ocr_line' id='line_1_19' title="bbox 819 2685 868 2764; baseline 0.02 -1"><span class='ocrx_word' id='word_1_113' title='bbox 819 2685 868 2764; x_wconf 56' lang='lat' dir='ltr'>Il.</span> 
     </span>
    </p>
   </div>
   <div class='ocr_carea' id='block_1_5' title="bbox 360 2847 1297 3022">
    <p class='ocr_par' dir='ltr' id='par_1_5' title="bbox 360 2847 1297 3022">
     <span class='ocr_line' id='line_1_20' title="bbox 360 2847 1297 2937; baseline 0.003 -24"><span class='ocrx_word' id='word_1_114' title='bbox 360 2847 430 2924; x_wconf 82' lang='lat' dir='ltr'>Quo</span> <span class='ocrx_word' id='word_1_115' title='bbox 453 2850 521 2915; x_wconf 89' lang='lat' dir='ltr'>ruis</span> <span class='ocrx_word' id='word_1_116' title='bbox 544 2848 733 2933; x_wconf 84' lang='lat' dir='ltr'>inprudens,</span> <span class='ocrx_word' id='word_1_117' title='bbox 755 2869 852 2934; x_wconf 82' lang='lat' dir='ltr'>uage,</span> <span class='ocrx_word' id='word_1_118' title='bbox 875 2848 979 2914; x_wconf 89' lang='lat' dir='ltr'>dicere</span> <span class='ocrx_word' id='word_1_119' title='bbox 1003 2849 1297 2937; x_wconf 51' lang='lat' dir='ltr'>facta‚„Properti?</span> 
     </span>
     <span class='ocr_line' id='line_1_21' title="bbox 403 2954 1105 3022; baseline 0.001 -2"><span class='ocrx_word' id='word_1_120' title='bbox 403 2954 479 3021; x_wconf 91' lang='lat' dir='ltr'>Non</span> <span class='ocrx_word' id='word_1_121' title='bbox 503 2960 579 3021; x_wconf 92' lang='lat' dir='ltr'>sunt</span> <span class='ocrx_word' id='word_1_122' title='bbox 602 2958 635 3021; x_wconf 83' lang='lat' dir='ltr'>a!</span> <span class='ocrx_word' id='word_1_123' title='bbox 658 2955 769 3021; x_wconf 85' lang='lat' dir='ltr'>dextro</span> <span class='ocrx_word' id='word_1_124' title='bbox 794 2954 924 3021; x_wconf 86' lang='lat' dir='ltr'>condita</span> <span class='ocrx_word' id='word_1_125' title='bbox 945 2955 1002 3021; x_wconf 90' lang='lat' dir='ltr'>fila</span> <span class='ocrx_word' id='word_1_126' title='bbox 1025 2957 1105 3022; x_wconf 92' lang='lat' dir='ltr'>colo.</span> 
     </span>
    </p>
   </div>
   <div class='ocr_carea' id='block_1_6' title="bbox 263 3145 1509 4481">
    <p class='ocr_par' dir='ltr' id='par_1_6' title="bbox 263 3145 1419 4019">
     <span class='ocr_line' id='line_1_22' title="bbox 340 3145 1417 3221; baseline 0.003 -18"><span class='ocrx_word' id='word_1_127' title='bbox 340 3148 409 3204; x_wconf 74' lang='lat' dir='ltr'>Vsu.</span> <span class='ocrx_word' id='word_1_128' title='bbox 429 3167 503 3203; x_wconf 76' lang='lat' dir='ltr'>unca.</span> <span class='ocrx_word' id='word_1_129' title='bbox 541 3150 574 3203; x_wconf 81' lang='grc'>66</span> <span class='ocrx_word' id='word_1_130' title='bbox 593 3151 618 3202; x_wconf 82' lang='lat' dir='ltr'>et</span> <span class='ocrx_word' id='word_1_131' title='bbox 637 3151 670 3201; x_wconf 84' lang='grc'>66</span> <span class='ocrx_word' id='word_1_132' title='bbox 693 3145 728 3200; x_wconf 87' lang='lat' dir='ltr'>L.</span> <span class='ocrx_word' id='word_1_133' title='bbox 746 3146 887 3217; x_wconf 77' lang='lat' dir='ltr'>Loupr&#39;um</span> <span class='ocrx_word' id='word_1_134' title='bbox 900 3151 966 3217; x_wconf 79' lang='lat' dir='ltr'>post</span> <span class='ocrx_word' id='word_1_135' title='bbox 984 3151 1018 3202; x_wconf 84' lang='grc'>68</span> <span class='ocrx_word' id='word_1_136' title='bbox 1038 3147 1176 3203; x_wconf 70' lang='lat' dir='ltr'>traiecisse</span> <span class='ocrx_word' id='word_1_137' title='bbox 1193 3149 1276 3216; x_wconf 74' lang='lat' dir='ltr'>refert</span> <span class='ocrx_word' id='word_1_138' title='bbox 1289 3151 1417 3221; x_wconf 69' lang='lat' dir='ltr'>Heydeo</span> 
     </span>
     <span class='ocr_line' id='line_1_23' title="bbox 265 3235 1417 3310; baseline 0.001 -16"><span class='ocrx_word' id='word_1_139' title='bbox 265 3239 456 3310; x_wconf 72' lang='grc'>6666661166</span> <span class='ocrx_word' id='word_1_140' title='bbox 476 3236 612 3293; x_wconf 87' lang='lat' dir='ltr'>nutritum</span> <span class='ocrx_word' id='word_1_141' title='bbox 629 3242 651 3288; x_wconf 79' lang='grc'>1)</span> <span class='ocrx_word' id='word_1_142' title='bbox 666 3240 689 3287; x_wconf 85' lang='lat' dir='ltr'><strong>V</strong></span> <span class='ocrx_word' id='word_1_143' title='bbox 708 3237 749 3306; x_wconf 79' lang='lat' dir='ltr'>(io</span> <span class='ocrx_word' id='word_1_144' title='bbox 766 3235 816 3290; x_wconf 75' lang='lat' dir='ltr'>lcoc</span> <span class='ocrx_word' id='word_1_145' title='bbox 836 3253 851 3291; x_wconf 88' lang='lat' dir='ltr'>c</span> <span class='ocrx_word' id='word_1_146' title='bbox 869 3254 903 3291; x_wconf 90' lang='lat' dir='ltr'>m.</span> <span class='ocrx_word' id='word_1_147' title='bbox 922 3241 939 3290; x_wconf 89' lang='lat'><strong><em>1</em></strong></span> <span class='ocrx_word' id='word_1_148' title='bbox 958 3237 1109 3306; x_wconf 79' lang='lat' dir='ltr'>suprascr.)</span> <span class='ocrx_word' id='word_1_149' title='bbox 1122 3239 1132 3308; x_wconf 88' lang='grc' dir='ltr'>ΙΙ</span> <span class='ocrx_word' id='word_1_150' title='bbox 1147 3243 1180 3292; x_wconf 80' lang='grc'>57</span> <span class='ocrx_word' id='word_1_151' title='bbox 1198 3235 1314 3293; x_wconf 83' lang='lat' dir='ltr'>Munere</span> <span class='ocrx_word' id='word_1_152' title='bbox 1327 3257 1354 3294; x_wconf 90' lang='lat' dir='ltr'>n.</span> <span class='ocrx_word' id='word_1_153' title='bbox 1370 3240 1417 3310; x_wconf 90' lang='lat' dir='ltr'>pio</span> 
     </span>
     <span class='ocr_line' id='line_1_24' title="bbox 268 3325 1418 3394; baseline 0.002 -11"><span class='ocrx_word' id='word_1_154' title='bbox 268 3345 291 3384; x_wconf 94' lang='lat' dir='ltr'>c.</span> <span class='ocrx_word' id='word_1_155' title='bbox 311 3327 338 3384; x_wconf 88' lang='lat' dir='ltr'>d.</span> <span class='ocrx_word' id='word_1_156' title='bbox 357 3344 454 3384; x_wconf 88' lang='lat' dir='ltr'>uersus</span> <span class='ocrx_word' id='word_1_157' title='bbox 472 3326 506 3381; x_wconf 88' lang='lat' dir='ltr'>L.</span> <span class='ocrx_word' id='word_1_158' title='bbox 527 3326 692 3394; x_wconf 79' lang='lat' dir='ltr'>Muellerus,</span> <span class='ocrx_word' id='word_1_159' title='bbox 716 3325 764 3379; x_wconf 80' lang='lat' dir='ltr'>sed</span> <span class='ocrx_word' id='word_1_160' title='bbox 781 3339 875 3379; x_wconf 78' lang='lat' dir='ltr'>uereor</span> <span class='ocrx_word' id='word_1_161' title='bbox 893 3340 927 3378; x_wconf 82' lang='lat' dir='ltr'>ue</span> <span class='ocrx_word' id='word_1_162' title='bbox 945 3325 1030 3380; x_wconf 76' lang='lat' dir='ltr'>ultius</span> <span class='ocrx_word' id='word_1_163' title='bbox 1048 3326 1186 3394; x_wconf 70' lang='lat' dir='ltr'>inflictum</span> <span class='ocrx_word' id='word_1_164' title='bbox 1202 3327 1241 3381; x_wconf 79' lang='lat' dir='ltr'>sit</span> <span class='ocrx_word' id='word_1_165' title='bbox 1258 3329 1363 3383; x_wconf 77' lang='lat' dir='ltr'>uulnus</span> <span class='ocrx_word' id='word_1_166' title='bbox 1382 3331 1418 3385; x_wconf 85' lang='lat' dir='ltr'>ab</span> 
     </span>
     <span class='ocr_line' id='line_1_25' title="bbox 267 3414 1418 3486; baseline -0.002 -14"><span class='ocrx_word' id='word_1_167' title='bbox 267 3433 296 3472; x_wconf 91' lang='lat' dir='ltr'>eo</span> <span class='ocrx_word' id='word_1_168' title='bbox 314 3417 364 3486; x_wconf 78' lang='lat' dir='ltr'>qui</span> <span class='ocrx_word' id='word_1_169' title='bbox 380 3416 522 3486; x_wconf 74' lang='lat' dir='ltr'>fropmireo</span> <span class='ocrx_word' id='word_1_170' title='bbox 540 3415 639 3470; x_wconf 78' lang='lat' dir='ltr'>dissito</span> <span class='ocrx_word' id='word_1_171' title='bbox 657 3414 762 3483; x_wconf 77' lang='lat' dir='ltr'>eollepe‘l</span> <span class='ocrx_word' id='word_1_172' title='bbox 785 3414 790 3481; x_wconf 86' lang='grc' dir='ltr'>Ι</span> <span class='ocrx_word' id='word_1_173' title='bbox 813 3429 895 3468; x_wconf 92' lang='lat' dir='ltr'>coner</span> <span class='ocrx_word' id='word_1_174' title='bbox 916 3418 948 3468; x_wconf 85' lang='lat'>0:</span> <span class='ocrx_word' id='word_1_175' title='bbox 963 3428 1053 3468; x_wconf 88' lang='lat' dir='ltr'>conor</span> <span class='ocrx_word' id='word_1_176' title='bbox 1071 3429 1088 3472; x_wconf 85' lang='grc' dir='ltr'>ς</span> <span class='ocrx_word' id='word_1_177' title='bbox 1114 3416 1124 3483; x_wconf 93' lang='grc' dir='ltr'>ΙΙ</span> <span class='ocrx_word' id='word_1_178' title='bbox 1152 3419 1186 3470; x_wconf 84' lang='grc'>68</span> <span class='ocrx_word' id='word_1_179' title='bbox 1204 3415 1240 3469; x_wconf 83' lang='lat' dir='ltr'>Ei</span> <span class='ocrx_word' id='word_1_180' title='bbox 1257 3421 1282 3469; x_wconf 71' lang='lat' dir='ltr'>ll</span> <span class='ocrx_word' id='word_1_181' title='bbox 1294 3420 1318 3467; x_wconf 83' lang='lat' dir='ltr'>v</span> <span class='ocrx_word' id='word_1_182' title='bbox 1336 3415 1379 3486; x_wconf 80' lang='lat' dir='ltr'>Ey</span> <span class='ocrx_word' id='word_1_183' title='bbox 1397 3424 1418 3470; x_wconf 76' lang='lat' dir='ltr'>r</span> 
     </span>
     <span class='ocr_line' id='line_1_26' title="bbox 267 3501 1417 3579; baseline 0 -19"><span class='ocrx_word' id='word_1_184' title='bbox 267 3505 321 3560; x_wconf 87' lang='lat' dir='ltr'>Hei</span> <span class='ocrx_word' id='word_1_185' title='bbox 334 3507 366 3560; x_wconf 83' lang='lat' dir='ltr'>iu</span> <span class='ocrx_word' id='word_1_186' title='bbox 384 3522 438 3561; x_wconf 81' lang='lat' dir='ltr'>ras.</span> <span class='ocrx_word' id='word_1_187' title='bbox 457 3506 503 3573; x_wconf 72' lang='lat' dir='ltr'>llll</span> <span class='ocrx_word' id='word_1_188' title='bbox 517 3510 551 3559; x_wconf 84' lang='lat'>60</span> <span class='ocrx_word' id='word_1_189' title='bbox 571 3501 675 3558; x_wconf 85' lang='lat' dir='ltr'>seruiet</span> <span class='ocrx_word' id='word_1_190' title='bbox 694 3506 726 3556; x_wconf 87' lang='lat'>0:</span> <span class='ocrx_word' id='word_1_191' title='bbox 745 3501 850 3556; x_wconf 85' lang='lat' dir='ltr'>seruiat</span> <span class='ocrx_word' id='word_1_192' title='bbox 864 3517 881 3561; x_wconf 82' lang='grc' dir='ltr'><strong>ς</strong></span> <span class='ocrx_word' id='word_1_193' title='bbox 895 3501 904 3571; x_wconf 97' lang='grc' dir='ltr'>ΙΙ</span> <span class='ocrx_word' id='word_1_194' title='bbox 918 3508 950 3556; x_wconf 88' lang='grc'>61</span> <span class='ocrx_word' id='word_1_195' title='bbox 967 3502 1082 3558; x_wconf 83' lang='lat' dir='ltr'>Emnius</span> <span class='ocrx_word' id='word_1_196' title='bbox 1096 3503 1186 3558; x_wconf 83' lang='lat' dir='ltr'>irsuta</span> <span class='ocrx_word' id='word_1_197' title='bbox 1200 3509 1221 3555; x_wconf 76' lang='lat' dir='ltr'><strong>F</strong></span> <span class='ocrx_word' id='word_1_198' title='bbox 1237 3506 1242 3573; x_wconf 88' lang='grc' dir='ltr'>Ι</span> <span class='ocrx_word' id='word_1_199' title='bbox 1257 3505 1357 3576; x_wconf 82' lang='lat' dir='ltr'>ginget</span> <span class='ocrx_word' id='word_1_200' title='bbox 1370 3513 1397 3559; x_wconf 72' lang='grc'>16</span> <span class='ocrx_word' id='word_1_201' title='bbox 1413 3508 1417 3579; x_wconf 74' lang='lat' dir='ltr'>l</span> 
     </span>
     <span class='ocr_line' id='line_1_27' title="bbox 263 3591 1419 3664; baseline 0 -15"><span class='ocrx_word' id='word_1_202' title='bbox 263 3599 335 3664; x_wconf 78' lang='lat' dir='ltr'>puto</span> <span class='ocrx_word' id='word_1_203' title='bbox 356 3611 406 3648; x_wconf 84' lang='lat' dir='ltr'>sua</span> <span class='ocrx_word' id='word_1_204' title='bbox 425 3596 553 3664; x_wconf 82' lang='lat' dir='ltr'>tempore</span> <span class='ocrx_word' id='word_1_205' title='bbox 571 3591 648 3646; x_wconf 82' lang='lat' dir='ltr'>oliua</span> <span class='ocrx_word' id='word_1_206' title='bbox 669 3593 679 3661; x_wconf 92' lang='lat' dir='ltr'>l</span> <span class='ocrx_word' id='word_1_207' title='bbox 704 3596 738 3645; x_wconf 75' lang='lat'>62</span> <span class='ocrx_word' id='word_1_208' title='bbox 757 3591 843 3646; x_wconf 80' lang='lat' dir='ltr'>bucce</span> <span class='ocrx_word' id='word_1_209' title='bbox 861 3596 882 3642; x_wconf 76' lang='lat' dir='ltr'><strong>F</strong></span> <span class='ocrx_word' id='word_1_210' title='bbox 900 3591 989 3646; x_wconf 87' lang='lat' dir='ltr'>bache</span> <span class='ocrx_word' id='word_1_211' title='bbox 1007 3596 1032 3644; x_wconf 71' lang='lat' dir='ltr'>n</span> <span class='ocrx_word' id='word_1_212' title='bbox 1053 3593 1064 3661; x_wconf 93' lang='lat' dir='ltr'>l</span> <span class='ocrx_word' id='word_1_213' title='bbox 1087 3599 1120 3647; x_wconf 84' lang='lat'>63</span> <span class='ocrx_word' id='word_1_214' title='bbox 1140 3591 1300 3662; x_wconf 79' lang='lat' dir='ltr'>stupefacta</span> <span class='ocrx_word' id='word_1_215' title='bbox 1318 3595 1419 3649; x_wconf 81' lang='lat' dir='ltr'>Mark-</span> 
     </span>
     <span class='ocr_line' id='line_1_28' title="bbox 266 3679 1419 3754; baseline 0 -16"><span class='ocrx_word' id='word_1_216' title='bbox 266 3684 368 3738; x_wconf 78' lang='lat' dir='ltr'>londue</span> <span class='ocrx_word' id='word_1_217' title='bbox 390 3683 400 3750; x_wconf 91' lang='lat' dir='ltr'>l</span> <span class='ocrx_word' id='word_1_218' title='bbox 424 3688 472 3752; x_wconf 81' lang='lat'>65,</span> <span class='ocrx_word' id='word_1_219' title='bbox 491 3689 524 3738; x_wconf 93' lang='grc'>66</span> <span class='ocrx_word' id='word_1_220' title='bbox 543 3681 721 3750; x_wconf 72' lang='lat' dir='ltr'>interpolatos</span> <span class='ocrx_word' id='word_1_221' title='bbox 738 3680 818 3735; x_wconf 78' lang='lat' dir='ltr'>tabet</span> <span class='ocrx_word' id='word_1_222' title='bbox 836 3679 1046 3752; x_wconf 76' lang='lat' dir='ltr'>Luctiolrauous</span> <span class='ocrx_word' id='word_1_223' title='bbox 1063 3697 1121 3736; x_wconf 82' lang='grc'>666</span> <span class='ocrx_word' id='word_1_224' title='bbox 1138 3682 1197 3736; x_wconf 74' lang='lat' dir='ltr'>siue</span> <span class='ocrx_word' id='word_1_225' title='bbox 1214 3682 1287 3736; x_wconf 74' lang='lat' dir='ltr'>iretis</span> <span class='ocrx_word' id='word_1_226' title='bbox 1303 3685 1392 3752; x_wconf 80' lang='lat' dir='ltr'>specie</span> <span class='ocrx_word' id='word_1_227' title='bbox 1410 3683 1419 3754; x_wconf 76' lang='lat' dir='ltr'>ll</span> 
     </span>
     <span class='ocr_line' id='line_1_29' title="bbox 270 3767 1418 3840; baseline 0.001 -14"><span class='ocrx_word' id='word_1_228' title='bbox 270 3776 304 3826; x_wconf 82' lang='grc'>66</span> <span class='ocrx_word' id='word_1_229' title='bbox 332 3770 457 3839; x_wconf 88' lang='lat' dir='ltr'>quisquis</span> <span class='ocrx_word' id='word_1_230' title='bbox 475 3775 494 3821; x_wconf 94' lang='lat'><strong>0</strong></span> <span class='ocrx_word' id='word_1_231' title='bbox 514 3770 581 3838; x_wconf 79' lang='lat' dir='ltr'>(uiri</span> <span class='ocrx_word' id='word_1_232' title='bbox 598 3769 670 3838; x_wconf 75' lang='lat' dir='ltr'>quod</span> <span class='ocrx_word' id='word_1_233' title='bbox 689 3768 801 3837; x_wconf 84' lang='lat' dir='ltr'>quasuis</span> <span class='ocrx_word' id='word_1_234' title='bbox 820 3772 864 3836; x_wconf 77' lang='lat' dir='ltr'>F):</span> <span class='ocrx_word' id='word_1_235' title='bbox 888 3768 912 3822; x_wconf 92' lang='lat' dir='ltr'>si</span> <span class='ocrx_word' id='word_1_236' title='bbox 930 3767 993 3838; x_wconf 84' lang='lat' dir='ltr'>quis</span> <span class='ocrx_word' id='word_1_237' title='bbox 1011 3773 1034 3820; x_wconf 84' lang='lat' dir='ltr'>V</span> <span class='ocrx_word' id='word_1_238' title='bbox 1052 3787 1104 3840; x_wconf 71' lang='lat' dir='ltr'>my.</span> <span class='ocrx_word' id='word_1_239' title='bbox 1122 3787 1157 3826; x_wconf 86' lang='grc'>6.</span> <span class='ocrx_word' id='word_1_240' title='bbox 1176 3773 1196 3826; x_wconf 79' lang='lat'><strong><em>2</em></strong></span> <span class='ocrx_word' id='word_1_241' title='bbox 1230 3771 1235 3838; x_wconf 79' lang='lat' dir='ltr'>l</span> <span class='ocrx_word' id='word_1_242' title='bbox 1269 3772 1365 3826; x_wconf 86' lang='lat' dir='ltr'>cernet</span> <span class='ocrx_word' id='word_1_243' title='bbox 1381 3777 1418 3827; x_wconf 74' lang='lat'>1‘:</span> 
     </span>
     <span class='ocr_line' id='line_1_30' title="bbox 273 3855 1419 3928; baseline -0.002 -12"><span class='ocrx_word' id='word_1_244' title='bbox 273 3858 363 3917; x_wconf 87' lang='lat' dir='ltr'>cernit</span> <span class='ocrx_word' id='word_1_245' title='bbox 381 3859 461 3913; x_wconf 79' lang='lat' dir='ltr'>ceteri</span> <span class='ocrx_word' id='word_1_246' title='bbox 482 3860 492 3928; x_wconf 76' lang='lat' dir='ltr'>ss</span> <span class='ocrx_word' id='word_1_247' title='bbox 515 3864 549 3913; x_wconf 92' lang='grc'>66</span> <span class='ocrx_word' id='word_1_248' title='bbox 567 3857 711 3928; x_wconf 82' lang='lat' dir='ltr'>Ingenium</span> <span class='ocrx_word' id='word_1_249' title='bbox 725 3855 813 3912; x_wconf 87' lang='lat' dir='ltr'>muris</span> <span class='ocrx_word' id='word_1_250' title='bbox 824 3888 856 3898; x_wconf 92' lang='lat'>—</span> <span class='ocrx_word' id='word_1_251' title='bbox 867 3858 936 3911; x_wconf 88' lang='lat' dir='ltr'>meis</span> <span class='ocrx_word' id='word_1_252' title='bbox 951 3858 1140 3912; x_wconf 76' lang='lat' dir='ltr'>Marklandus</span> <span class='ocrx_word' id='word_1_253' title='bbox 1164 3860 1169 3926; x_wconf 88' lang='grc' dir='ltr'>Ι</span> <span class='ocrx_word' id='word_1_254' title='bbox 1191 3857 1304 3913; x_wconf 75' lang='lat' dir='ltr'>estimet</span> <span class='ocrx_word' id='word_1_255' title='bbox 1316 3864 1352 3914; x_wconf 70' lang='lat' dir='ltr'>le:</span> <span class='ocrx_word' id='word_1_256' title='bbox 1371 3876 1419 3914; x_wconf 88' lang='lat' dir='ltr'>ex-</span> 
     </span>
     <span class='ocr_line' id='line_1_31' title="bbox 267 3945 1417 4019; baseline -0.006 -12"><span class='ocrx_word' id='word_1_257' title='bbox 267 3951 350 4007; x_wconf 85' lang='lat' dir='ltr'>timet</span> <span class='ocrx_word' id='word_1_258' title='bbox 365 3953 383 4001; x_wconf 91' lang='grc'><strong>0</strong></span> <span class='ocrx_word' id='word_1_259' title='bbox 397 3950 407 4019; x_wconf 92' lang='lat' dir='ltr'>l</span> <span class='ocrx_word' id='word_1_260' title='bbox 421 3953 455 4003; x_wconf 89' lang='grc'>68</span> <span class='ocrx_word' id='word_1_261' title='bbox 470 3946 606 4003; x_wconf 78' lang='lat' dir='ltr'>Omnian</span> <span class='ocrx_word' id='word_1_262' title='bbox 623 3950 626 4016; x_wconf 87' lang='grc' dir='ltr'>Ι</span> <span class='ocrx_word' id='word_1_263' title='bbox 642 3945 796 4016; x_wconf 72' lang='lat' dir='ltr'>inceptisr</span> <span class='ocrx_word' id='word_1_264' title='bbox 815 3963 866 4016; x_wconf 76' lang='grc'>63.</span> <span class='ocrx_word' id='word_1_265' title='bbox 881 3963 914 4002; x_wconf 87' lang='grc'>6.</span> <span class='ocrx_word' id='word_1_266' title='bbox 930 3951 963 4015; x_wconf 77' lang='lat'>2,</span> <span class='ocrx_word' id='word_1_267' title='bbox 982 3950 1018 3999; x_wconf 76' lang='lat' dir='ltr'>ll:</span> <span class='ocrx_word' id='word_1_268' title='bbox 1038 3945 1151 4000; x_wconf 87' lang='lat' dir='ltr'>incertis</span> <span class='ocrx_word' id='word_1_269' title='bbox 1168 3951 1190 3997; x_wconf 79' lang='lat' dir='ltr'>r</span> <span class='ocrx_word' id='word_1_270' title='bbox 1207 3945 1238 4000; x_wconf 89' lang='lat' dir='ltr'>in</span> <span class='ocrx_word' id='word_1_271' title='bbox 1256 3947 1340 4002; x_wconf 82' lang='lat' dir='ltr'>tectis</span> <span class='ocrx_word' id='word_1_272' title='bbox 1356 3954 1378 4000; x_wconf 78' lang='grc'>1)</span> <span class='ocrx_word' id='word_1_273' title='bbox 1394 3954 1417 4001; x_wconf 84' lang='lat' dir='ltr'>v</span> 
     </span>
    </p>

    <p class='ocr_par' dir='ltr' id='par_1_7' title="bbox 265 4053 1509 4481">
     <span class='ocr_line' id='line_1_32' title="bbox 340 4053 1418 4124; baseline -0.002 -12"><span class='ocrx_word' id='word_1_274' title='bbox 340 4055 377 4113; x_wconf 71' lang='lat' dir='ltr'>lb.</span> <span class='ocrx_word' id='word_1_275' title='bbox 414 4056 552 4112; x_wconf 72' lang='lat' dir='ltr'>Adhaeret</span> <span class='ocrx_word' id='word_1_276' title='bbox 565 4055 658 4124; x_wconf 71' lang='lat' dir='ltr'>priori</span> <span class='ocrx_word' id='word_1_277' title='bbox 676 4055 708 4108; x_wconf 77' lang='lat' dir='ltr'>iu</span> <span class='ocrx_word' id='word_1_278' title='bbox 726 4058 759 4120; x_wconf 81' lang='lat'>⁰3</span> <span class='ocrx_word' id='word_1_279' title='bbox 779 4069 880 4108; x_wconf 85' lang='grc'>66666</span> <span class='ocrx_word' id='word_1_280' title='bbox 899 4053 1009 4121; x_wconf 72' lang='lat' dir='ltr'>cleptum</span> <span class='ocrx_word' id='word_1_281' title='bbox 1027 4053 1092 4107; x_wconf 78' lang='lat' dir='ltr'>hinc</span> <span class='ocrx_word' id='word_1_282' title='bbox 1109 4053 1228 4120; x_wconf 71' lang='lat' dir='ltr'>incipere</span> <span class='ocrx_word' id='word_1_283' title='bbox 1246 4053 1418 4123; x_wconf 68' lang='lat' dir='ltr'>sipoifieous&#39;t</span> 
     </span>
     <span class='ocr_line' id='line_1_33' title="bbox 269 4140 1417 4214; baseline -0.003 -12"><span class='ocrx_word' id='word_1_284' title='bbox 269 4148 467 4204; x_wconf 78' lang='lat' dir='ltr'>Luchmouuos</span> <span class='ocrx_word' id='word_1_285' title='bbox 480 4146 490 4214; x_wconf 93' lang='grc' dir='ltr'>ΙΙ</span> <span class='ocrx_word' id='word_1_286' title='bbox 504 4152 536 4200; x_wconf 79' lang='grc'>71</span> <span class='ocrx_word' id='word_1_287' title='bbox 556 4144 637 4214; x_wconf 89' lang='lat' dir='ltr'>impr.</span> <span class='ocrx_word' id='word_1_288' title='bbox 651 4150 673 4196; x_wconf 80' lang='lat' dir='ltr'>n</span> <span class='ocrx_word' id='word_1_289' title='bbox 687 4147 710 4194; x_wconf 83' lang='lat' dir='ltr'>v</span> <span class='ocrx_word' id='word_1_290' title='bbox 727 4143 731 4211; x_wconf 78' lang='grc' dir='ltr'>Ι</span> <span class='ocrx_word' id='word_1_291' title='bbox 747 4157 818 4211; x_wconf 79' lang='lat' dir='ltr'>uage</span> <span class='ocrx_word' id='word_1_292' title='bbox 829 4146 861 4195; x_wconf 91' lang='lat'>0:</span> <span class='ocrx_word' id='word_1_293' title='bbox 881 4157 955 4211; x_wconf 83' lang='lat' dir='ltr'>uage</span> <span class='ocrx_word' id='word_1_294' title='bbox 969 4155 986 4199; x_wconf 88' lang='grc' dir='ltr'><strong><em>ς</em></strong></span> <span class='ocrx_word' id='word_1_295' title='bbox 1000 4140 1065 4210; x_wconf 83' lang='lat' dir='ltr'>fuge</span> <span class='ocrx_word' id='word_1_296' title='bbox 1075 4140 1223 4195; x_wconf 69' lang='grc'>16666666</span> <span class='ocrx_word' id='word_1_297' title='bbox 1236 4158 1306 4196; x_wconf 85' lang='lat' dir='ltr'>caue</span> <span class='ocrx_word' id='word_1_298' title='bbox 1320 4143 1417 4213; x_wconf 70' lang='lat' dir='ltr'>Sculp-</span> 
     </span>
     <span class='ocr_line' id='line_1_34' title="bbox 265 4227 1418 4304; baseline -0.003 -14"><span class='ocrx_word' id='word_1_299' title='bbox 265 4236 374 4304; x_wconf 80' lang='lat' dir='ltr'>persc&#39;us</span> <span class='ocrx_word' id='word_1_300' title='bbox 392 4251 475 4304; x_wconf 81' lang='lat' dir='ltr'>mage</span> <span class='ocrx_word' id='word_1_301' title='bbox 494 4233 695 4288; x_wconf 78' lang='lat' dir='ltr'>Heimreirtiua</span> <span class='ocrx_word' id='word_1_302' title='bbox 725 4233 728 4300; x_wconf 80' lang='lat' dir='ltr'>l</span> <span class='ocrx_word' id='word_1_303' title='bbox 757 4230 835 4285; x_wconf 81' lang='lat' dir='ltr'>facta</span> <span class='ocrx_word' id='word_1_304' title='bbox 853 4246 883 4288; x_wconf 73' lang='grc' dir='ltr'>ςι</span> <span class='ocrx_word' id='word_1_305' title='bbox 902 4230 963 4285; x_wconf 83' lang='lat' dir='ltr'>lata</span> <span class='ocrx_word' id='word_1_306' title='bbox 982 4234 1020 4296; x_wconf 68' lang='grc' dir='ltr'>ος</span> <span class='ocrx_word' id='word_1_307' title='bbox 1038 4231 1085 4285; x_wconf 83' lang='lat' dir='ltr'>secl</span> <span class='ocrx_word' id='word_1_308' title='bbox 1102 4230 1181 4285; x_wconf 78' lang='lat' dir='ltr'>oudo</span> <span class='ocrx_word' id='word_1_309' title='bbox 1198 4227 1259 4284; x_wconf 83' lang='lat' dir='ltr'>fata</span> <span class='ocrx_word' id='word_1_310' title='bbox 1276 4246 1334 4286; x_wconf 85' lang='grc'>666</span> <span class='ocrx_word' id='word_1_311' title='bbox 1351 4237 1418 4286; x_wconf 74' lang='lat' dir='ltr'>aunt</span> 
     </span>
     <span class='ocr_line' id='line_1_35' title="bbox 269 4318 1415 4392; baseline -0.003 -14"><span class='ocrx_word' id='word_1_312' title='bbox 269 4325 386 4392; x_wconf 73' lang='lat' dir='ltr'>antiqua</span> <span class='ocrx_word' id='word_1_313' title='bbox 402 4323 500 4392; x_wconf 81' lang='lat' dir='ltr'>populi</span> <span class='ocrx_word' id='word_1_314' title='bbox 516 4321 552 4376; x_wconf 83' lang='lat' dir='ltr'>R.</span> <span class='ocrx_word' id='word_1_315' title='bbox 570 4321 645 4390; x_wconf 79' lang='lat' dir='ltr'>sato,</span> <span class='ocrx_word' id='word_1_316' title='bbox 665 4325 690 4374; x_wconf 82' lang='lat' dir='ltr'>et</span> <span class='ocrx_word' id='word_1_317' title='bbox 707 4319 838 4376; x_wconf 75' lang='lat' dir='ltr'>conuiuis</span> <span class='ocrx_word' id='word_1_318' title='bbox 855 4319 956 4374; x_wconf 78' lang='lat' dir='ltr'>heroice¹</span> <span class='ocrx_word' id='word_1_319' title='bbox 973 4319 1133 4374; x_wconf 71' lang='lat' dir='ltr'>mentionem</span> <span class='ocrx_word' id='word_1_320' title='bbox 1152 4318 1215 4386; x_wconf 73' lang='lat' dir='ltr'>fieri</span> <span class='ocrx_word' id='word_1_321' title='bbox 1233 4324 1338 4387; x_wconf 82' lang='lat' dir='ltr'>oportet</span> <span class='ocrx_word' id='word_1_322' title='bbox 1356 4321 1367 4390; x_wconf 73' lang='lat' dir='ltr'>fl</span> <span class='ocrx_word' id='word_1_323' title='bbox 1382 4326 1415 4375; x_wconf 72' lang='lat'>72</span> 
     </span>
     <span class='ocr_line' id='line_1_36' title="bbox 270 4397 1509 4481; baseline -0.002 -15"><span class='ocrx_word' id='word_1_324' title='bbox 270 4428 299 4481; x_wconf 76' lang='lat' dir='ltr'>a,</span> <span class='ocrx_word' id='word_1_325' title='bbox 318 4411 360 4465; x_wconf 74' lang='lat' dir='ltr'>ata</span> <span class='ocrx_word' id='word_1_326' title='bbox 379 4415 397 4463; x_wconf 93' lang='lat' dir='ltr'>o</span> <span class='ocrx_word' id='word_1_327' title='bbox 414 4412 418 4476; x_wconf 82' lang='lat' dir='ltr'>l</span> <span class='ocrx_word' id='word_1_328' title='bbox 435 4408 555 4463; x_wconf 69' lang='lat' dir='ltr'>canuae</span> <span class='ocrx_word' id='word_1_329' title='bbox 573 4409 707 4464; x_wconf 70' lang='grc'>66666</span> <span class='ocrx_word' id='word_1_330' title='bbox 1505 4397 1509 4418; x_wconf 58' lang='lat'>¹</span> 
     </span>
    </p>
   </div>
   <div class='ocr_carea' id='block_1_7' title="bbox 0 0 1530 5032">
    <p class='ocr_par' dir='ltr' id='par_1_8' title="bbox 0 0 1530 5032">
     <span class='ocr_line' id='line_1_37' title="bbox 0 0 1530 5032; baseline 0 0"><span class='ocrx_word' id='word_1_331' title='bbox 0 0 1530 5032; x_wconf 95' lang='lat' dir='ltr'> </span> 
     </span>
    </p>
   </div>
  </div>
 </body>
</html>
