3012 5048
297 299 340 364 66
660 298 856 353 peonnam
874 300 943 354 nm.
963 300 998 356 n.
1019 305 1060 358 ιι.

427 833 500 900 Hoe
522 836 585 898 erit
606 834 742 899 infectas
766 836 922 921 sauguine
945 837 1066 901 habere
1088 859 1214 906 manus

382 940 508 1006 Horum
531 961 592 1026 ego
615 963 687 1006 sum
710 945 816 1026 uates,
839 944 989 1027 quotiens
1012 943 1159 1010 desertus
1184 969 1310 1012 amaras

426 1047 565 1133 Expleui
587 1051 712 1132 noctes,
735 1049 857 1113 fruetus
880 1053 1017 1135 utroque
1040 1055 1123 1118 toro.

356 1155 445 1220 oVel
467 1159 503 1218 tu
527 1154 686 1220 Tantalea
709 1178 859 1222 moneare
883 1157 924 1222 ad
946 1157 1081 1222 flumina
1104 1163 1206 1244 sorte,

426 1261 472 1327 Ut
494 1262 599 1347 liquor
623 1264 729 1327 arenti
751 1263 847 1328 fallat
869 1264 911 1329 ab
935 1286 989 1328 ore
1013 1265 1118 1349 sitim,

381 1368 445 1434 Vel
467 1373 503 1433 tu
526 1367 696 1453 Sisyphios
719 1369 796 1434 lieet
818 1372 851 1434 a!
874 1372 1028 1437 miserere
1050 1373 1194 1458 labores,

426 1476 567 1541 Difficile
590 1480 628 1541 ut
649 1479 721 1541 toto
743 1480 854 1543 monte
876 1479 1004 1543 uolutet
1027 1501 1121 1544 onus:

382 1583 501 1648 Durius
524 1585 559 1648 iu
581 1584 675 1648 terris
698 1583 781 1647 nihil
804 1588 856 1648 est
878 1585 964 1668 quod
986 1585 1080 1650 uiuat
1103 1591 1247 1669 amante,

339 1708 372 1756 10
425 1687 507 1773 Neo,
532 1690 628 1755 modo
652 1691 679 1754 si
703 1691 828 1775 sapias,
851 1690 1068 1775 quodminus
1091 1715 1162 1756 esse
1185 1695 1276 1760 uelis.

383 1797 485 1874 Quem
507 1798 603 1864 modo
626 1798 753 1863 felicem
775 1797 899 1863 inuidis
923 1799 1104 1864 admirante
1127 1799 1287 1884 ferebant,

426 1903 521 1969 Nune
544 1904 667 1969 decimo
691 1904 846 1970 admittor
868 1904 924 1969 uix
948 1925 1008 1990 ego
1032 1928 1160 1991 quoque
1183 1906 1244 1972 die.

381 2011 476 2077 Nune
499 2011 603 2076 iaoere
627 2033 644 2074 e
666 2011 747 2075 duro
770 2033 886 2095 eorpus
910 2011 1001 2076 iubet
1023 2013 1125 2098 impia
1149 2035 1240 2096 saxo,

426 2116 558 2184 Sumere
582 2122 615 2183 et
637 2119 672 2182 in
695 2121 823 2182 nostras
847 2118 926 2182 trite
948 2141 1074 2184 uenena
1096 2141 1226 2202 manus3

230 2271 233 2280 ι
339 2243 371 2292 15
381 2225 449 2291 Neo
472 2227 550 2290 lieet
571 2226 606 2289 in
628 2225 734 2289 trimis
758 2224 843 2290 sicca
865 2226 1064 2309 requiescere
1087 2227 1178 2306 luna,

424 2334 494 2397 Aut
517 2354 574 2416 per
595 2332 733 2396 rimosas
756 2332 884 2396 mittere
907 2331 1008 2396 uerba
1031 2330 1126 2396 fores.

382 2439 475 2516 Quod
498 2438 646 2523 quamuis
669 2439 716 2502 ita
740 2438 796 2522 sit,
820 2437 983 2502 dominam
1007 2440 1133 2502 mutare
1156 2439 1291 2504 ouuebo:

426 2546 510 2611 Tum
532 2545 635 2629 flebit,
659 2566 731 2609 oum
755 2545 790 2607 in
813 2566 863 2608 me
887 2545 1026 2610 senserit
1048 2566 1119 2608 esse
1142 2544 1247 2611 fidem.

384 727 514 792 Mentiri
536 730 678 812 noctem,
700 728 871 811 promissis
894 729 1011 794 ducere
1036 734 1214 816 amantem,

293 2994 505 3004 ——-—

364 3115 432 3170 Vsa.
451 3133 525 3170 sacr.
557 3112 642 3166 XVII.
677 3111 856 3180 Noueeteqie
866 3112 1015 3167 eemtttato
1025 3111 1060 3167 ds
1070 3111 1227 3167 exclusione
1238 3114 1270 3166 io
1281 3112 1341 3184 ⁰t¹
1357 3111 1419 3166 Men·

295 3204 354 3260 tiris
372 3211 394 3258 1)
413 3201 563 3267 Mentiri}
580 3203 603 3252 V
620 3203 623 3266 Ι
640 3197 737 3253 fallere
755 3205 777 3250 1)
798 3199 878 3268 (idem
898 3199 998 3253 ducere
1016 3216 1068 3268 my.
1084 3215 1139 3268 pro
1157 3217 1219 3254 aar.
1240 3203 1320 3272 leet),
1342 3207 1418 3268 vme.

292 3312 326 3352 m,
341 3300 361 3351 2
375 3295 385 3364 u
399 3299 414 3346 2
430 3293 491 3348 erat
504 3306 520 3349 ς
534 3293 543 3359 ΙΙ
557 3296 574 3344 4
587 3290 682 3343 metim
695 3288 839 3358 Expleuit,
852 3293 884 3343 ut
898 3288 1004 3343 Horum
1018 3305 1070 3358 quo
1084 3294 1153 3344 recte
1167 3290 1308 3358 pertineat
1320 3291 1417 3356 tabeat¹

292 3386 395 3439 stratus
413 3384 482 3438 root.
501 3381 612 3435 Keitiue
632 3381 636 3447 Ι
652 3379 734 3434 thoro
752 3382 809 3429 111
832 3379 841 3447 ΙΙ
864 3383 880 3431 ὁ
900 3378 1050 3447 Tantalea,
1068 3379 1110 3431 ita
1128 3382 1148 3429 0
1170 3380 1180 3448 fl
1203 3385 1218 3433 0
1238 3379 1278 3433 Ut
1294 3384 1361 3434 rlt:
1377 3375 1420 3430 Vel

291 3481 313 3526 1)
327 3478 350 3525 V
366 3475 370 3541 Ι
386 3471 481 3528 sithim
500 3476 521 3523 1·
541 3472 551 3541 [Ι
572 3476 587 3525 1
607 3467 737 3538 sisiphios
755 3472 776 3518 r
796 3466 933 3536 sisiphyos
951 3471 975 3518 11
1001 3468 1005 3534 Ι
1030 3473 1058 3521 at
1083 3465 1214 3522 miserere
1232 3470 1334 3523 conieci
1351 3468 1419 3521 Mise.

293 3563 360 3617 Oret.
377 3580 406 3630 p.
426 3567 472 3615 90:
492 3558 629 3615 admirere
648 3563 667 3609 0
686 3558 697 3625 ΙΙ
715 3562 731 3610 9
750 3554 811 3609 uiat
828 3561 849 3607 r
868 3559 928 3625 (my.
948 3573 983 3610 m.
1002 3561 1022 3612 2
1041 3558 1071 3609 ad
1088 3555 1177 3624 iuuat)
1194 3557 1204 3625 t
1229 3563 1260 3611 11
1282 3556 1420 3612 admirante

291 3651 450 3716 insidier,
469 3667 538 3706 corr.
557 3665 590 3703 m.
611 3653 630 3704 2
649 3648 719 3716 siqu.
739 3661 832 3714 oppos.
856 3646 865 3713 ΙΙ
889 3650 921 3699 12
941 3644 1062 3730 adnitor
1079 3652 1101 3697 1)
1121 3645 1243 3701 admiror
1267 3649 1292 3718 (r
1307 3648 1380 3716 prior
1394 3659 1420 3696 ea

293 3743 373 3810 cerr.)
392 3745 415 3792 v
436 3742 497 3810 (my.
516 3756 550 3792 m.
570 3743 589 3794 2
613 3735 758 3803 admittor)
784 3736 795 3803 ΙΙ
821 3751 868 3790 aa.
890 3740 932 3802 13,
954 3738 1090 3803 140110,
1111 3739 1144 3788 16
1167 3738 1326 3805 trumpooit
1345 3733 1419 3790 Laet-

292 3845 411 3884 mouuue
424 3830 434 3897 ΙΙ
450 3835 482 3882 13
499 3827 578 3881 iubet
591 3825 799 3881 Laehmeuaue:
818 3823 898 3877 iuuat
916 3827 935 3874 0
950 3822 1040 3892 iuuat,
1059 3822 1160 3892 impis,
1179 3841 1246 3878 saxo
1260 3826 1343 3894 autyo
1354 3820 1420 3876 iuuat

292 3919 322 3973 in
335 3918 408 3976 freta
421 3918 548 3970 Aeratue
561 3917 571 3984 ΙΙ
586 3921 619 3969 14
638 3914 787 3968 sumere!
806 3911 949 3966 Summers
967 3919 989 3964 1)
1006 3915 1010 3980 Ι
1025 3912 1093 3967 trite
1107 3917 1139 3965 0:
1157 3912 1232 3967 tetra
1250 3928 1267 3971 ς
1280 3916 1291 3983 ΙΙ
1306 3919 1336 3968 15
1354 3913 1420 3967 Nune

293 4007 361 4063 licet
378 4006 535 4062 Beroaldus
552 4003 632 4059 Nune
651 4003 722 4059 libet
742 4001 888 4073 Guyetuen
903 4008 935 4056 10
954 4001 1056 4055 imoses
1075 4005 1099 4052 11
