3046 5032
430 335 629 395 PROPERTII
647 337 714 394 LIB.
734 337 782 395 ΙΙΙ.
802 341 845 392 20.
864 344 906 393 21.
1176 333 1243 398 145

181 499 286 576 Quam
309 501 431 565 multae
455 505 530 566 ante
554 503 635 567 meis
659 502 773 566 cedent
796 501 998 567 sermonibus
1022 499 1137 584 horae,

133 624 170 671 20
225 607 342 673 Dulcia
366 630 464 692 quam
485 609 581 675 nobis
605 610 745 675 concitet
769 631 859 673 arma
881 607 1005 673 Venus!

111 767 116 774 .
180 712 344 798 Namque,
368 715 424 779 ubi
448 737 514 782 non
537 719 627 781 certo
650 717 791 781 uincitur
813 714 941 781 foedere
964 715 1083 798 lectus,

226 818 304 885 Non
327 821 427 886 habet
448 823 571 888 ultores
594 844 659 889 nox
683 822 849 907 uigilanda
872 822 963 906 deos,

180 926 227 990 Et
249 927 366 1011 quibus
390 927 550 1012 inposuit,
575 927 675 992 soluit
697 949 773 992 mox
795 927 904 992 uincla
927 927 1042 1014 libid03

227 1032 426 1099 Gontineant
447 1034 543 1099 nobis
567 1034 678 1099 omina
700 1034 805 1117 prima
827 1033 932 1098 fidem.

136 1155 171 1204 25
182 1139 287 1226 Ergo,
310 1141 366 1225 qui
388 1144 500 1225 pactas
523 1141 558 1204 in
580 1141 712 1205 foedera
734 1141 859 1226 mperit
882 1163 956 1207 aras

226 1245 448 1330 Pollueritque
471 1269 557 1312 nouo
582 1269 675 1313 sacra
698 1248 817 1312 marita
839 1251 927 1334 toro,

182 1354 235 1419 Illi
258 1353 325 1418 sint
349 1354 542 1438 quicumque
566 1355 675 1420 solent
696 1355 730 1418 in
754 1377 863 1420 amore
887 1355 1029 1440 dolores,

225 1461 271 1525 Et
294 1463 392 1545 caput
415 1462 549 1544 argutae
572 1460 728 1543 praebeat
749 1459 920 1546 historiae3

180 1566 250 1632 Nec
271 1567 364 1632 flenti
388 1566 537 1633 dominae
560 1567 716 1651 patefiant
737 1571 833 1632 nocte
857 1568 1033 1633 fenestrae:

135 1691 170 1739 ao
225 1671 359 1759 Semper
382 1677 483 1754 amet,
505 1672 612 1740 fructu
636 1695 763 1759 semper
785 1676 905 1741 amoris
929 1695 1037 1760 egens.

564 1927 776 1937 -----

622 2088 716 2161 XXI.

181 2243 339 2329 Magnum
361 2244 424 2309 iter
447 2243 486 2308 ad
511 2244 623 2310 doctas
645 2245 807 2330 proficisci
830 2265 929 2331 cogor
952 2243 1110 2326 Athenas,

227 2350 275 2416 Ut
297 2372 350 2415 me
372 2351 472 2435 longa
496 2351 589 2436 gram
613 2352 722 2417 soluat
744 2374 854 2417 amore
877 2352 940 2416 uia.

184 2457 308 2524 Crescit
331 2458 418 2522 enim
442 2457 570 2524 assidue
593 2457 769 2543 spectando
793 2480 871 2523 cura
893 2458 1033 2542 puellae:

185 2624 189 2636 ‚
224 2563 299 2648 Ipse
323 2565 480 2630 alimenta
503 2565 565 2630 sibi
589 2567 731 2631 maxima
753 2566 889 2650 praebet
912 2587 1012 2630 amor.

156 2670 302 2736 oOmnia
326 2676 401 2736 sunt
423 2675 585 2755 temptata
607 2672 701 2757 mihi,
725 2693 927 2757 quacumque
949 2670 1056 2755 fugari

227 2778 350 2844 Possit:
374 2783 408 2844 at
431 2801 469 2843 ex
493 2779 582 2843 omni
606 2801 657 2842 mc
679 2778 798 2863 premit
819 2779 876 2842 ille
900 2777 987 2844 deus.

183 2882 247 2950 Vix
270 2888 381 2950 tamen
404 2889 461 2951 aut
486 2886 586 2951 semel
609 2885 768 2968 admittit,
792 2907 864 2949 cum
889 2907 984 2969 saepe
1006 2885 1154 2969 negauit:

232 2989 296 3057 Seu
319 2993 423 3073 uenit,
447 2995 590 3057 extremo
614 2991 734 3057 dormit
757 2991 876 3056 amicta
898 2994 981 3058 toro.

165 3185 235 3239 Vm.
253 3203 329 3240 uxor.
367 3191 409 3254 19,
428 3190 463 3238 20
473 3189 538 3254 post
554 3191 585 3240 16
600 3184 737 3254 Scoliper,
756 3189 820 3239 ante
836 3189 868 3238 15
883 3183 1080 3239 Lachmarmue
1089 3185 1243 3253 poscebam

91 3275 142 3329 tce
155 3273 274 3342 prototo
291 3272 360 3342 iter,
380 3271 470 3337 Quom
482 3273 625 3328 -cedent
642 3274 814 3328 scribendam
827 3278 898 3342 puto
911 3274 921 3342 ΙΙ
937 3278 969 3326 19
989 3271 1089 3327 cedent
1108 3274 1133 3340 (e
1147 3274 1194 3328 alt.
1209 3291 1243 3328 ea

92 3378 162 3418 corr.
177 3360 203 3428 ?)
222 3366 245 3413 V
263 3362 365 3434 cedent
382 3367 419 3416 lt:
440 3362 543 3418 cedant
559 3368 616 3414 nr
636 3365 646 3434 ΙΙ
669 3368 703 3417 20
723 3364 838 3418 elman
861 3364 871 3431 ΙΙ
892 3370 925 3417 21
944 3361 1072 3418 uincetur
1089 3368 1113 3415 Ν
1126 3366 1136 3433 ΙΙ
1150 3369 1183 3418 22
1203 3363 1243 3418 ui·
1286 3349 1290 3355 ⁸

93 3450 152 3520 gila
168 3454 192 3501 Ν
218 3452 228 3518 t
248 3456 281 3503 23
300 3450 399 3521 impos.
419 3455 477 3503 DV
493 3452 497 3520 Ι
513 3468 578 3506 mox
596 3465 626 3509 s:
644 3468 700 3506 nox
719 3456 737 3504 0
760 3453 770 3520 ΙΙ
793 3458 827 3506 24
847 3451 1017 3506 Continuent
1034 3451 1216 3507 Burmannus
1236 3453 1240 3525 t

94 3537 190 3594 omina
208 3553 241 3595 s:
260 3539 355 3594 omnia
373 3543 393 3591 0
420 3543 430 3609 ΙΙ
457 3545 490 3595 25
525 3541 617 3595 tactm
638 3539 814 3595 Passeratius
831 3540 904 3610 Ergo
924 3538 973 3607 qui
991 3539 1075 3594 tactis
1094 3541 1164 3596 haec
1181 3542 1199 3595 fr
1220 3561 1241 3596 r.

95 3627 151 3682 aris
168 3627 364 3697 Burmannus
378 3633 449 3697 puto
468 3628 541 3698 Ergo
565 3631 650 3698 pacta
673 3629 728 3682 suis
748 3629 797 3698 qui
815 3627 834 3683 f.
854 3647 875 3683 r.
895 3626 950 3683 aris
972 3630 982 3697 [Ι
1004 3634 1038 3682 26
1056 3629 1139 3685 thoro
1157 3636 1177 3684 Ν
1191 3635 1216 3682 Ν
1233 3630 1242 3703 Η

97 3722 132 3771 27
150 3717 216 3770 sunt
232 3718 277 3786 ΝΙΙ
300 3721 333 3770 28
351 3717 457 3786 ystoria
475 3719 519 3786 Fu
533 3723 567 3773 29
586 3718 715 3773 dominae
734 3723 906 3787 curtatum
924 3733 992 3772 ama
1009 3717 1135 3773 solitae?
1154 3722 1199 3789 (28
1218 3726 1243 3775 et

97 3811 130 3859 20
148 3806 326 3875 interpolatos
340 3811 425 3875 potat
443 3806 654 3876 Heimreictius)
667 3807 678 3876 n
691 3812 729 3860 801
744 3822 829 3875 egens
847 3823 881 3861 ex
899 3823 986 3876 agens
1003 3822 1073 3862 corr.
1092 3815 1113 3860 r

166 3911 238 3967 XXI.
275 3912 362 3968 Nouo
379 3914 466 3982 alapia
483 3929 544 3968 eum
562 3914 643 3989 titulo
661 3914 697 3968 ad
716 3912 859 3983 cynthiam
879 3916 940 3983 (om.
959 3914 992 3982 V)
1011 3914 1044 3968 ia
1062 3919 1081 3967 0
1105 3918 1115 3985 ss
1138 3923 1154 3970 3
1173 3917 1240 3971 assi-

97 4003 167 4056 duae
186 4007 208 4052 0
222 4005 278 4053 ΝΝ
294 4003 298 4071 Ι
315 4001 460 4072 spectandi
470 4007 494 4054 Ν
510 4004 594 4073 (eume
608 4003 748 4073 spectanti
757 4009 816 4058 mot
829 4005 878 4073 qui
891 4004 1031 4071 coniceret)
1045 4005 1055 4071 V
1069 4008 1085 4056 5
1103 4005 1243 4074 temptata

95 4098 131 4146 Νι
154 4091 411 4161 tentata0(tenta
429 4097 449 4144 Ν
467 4109 502 4148 m.
521 4093 602 4162 1)ΙΙθ
622 4094 741 4146 atrm.
761 4096 795 4162 2,
813 4097 849 4147 r:
869 4092 990 4146 adrat
1009 4091 1242 4160 ivlillenth

96 4182 155 4251 ipse
173 4186 194 4232 Ν
209 4185 233 4232 Ν
253 4182 287 4250 (V
303 4197 356 4250 my.
375 4197 410 4235 m.
430 4184 460 4251 2)
475 4183 514 4251 117
533 4181 586 4235 vix
605 4180 720 4235 tandem
739 4182 789 4235 aut
803 4181 889 4234 semel
903 4180 1038 4235 Heinsius
1057 4178 1110 4233 Vix
1127 4180 1242 4235 tandem

97 4269 181 4325 semel
200 4269 375 4337 Fonteim'us,
395 4272 444 4340 qui
462 4272 543 4325 etiam
556 4269 610 4324 Vix
629 4269 708 4324 uenit
726 4272 777 4325 aut
794 4270 881 4324 semel
896 4268 970 4324 adm.
985 4286 1008 4324 c.
1023 4286 1044 4322 s.
1058 4285 1084 4322 n.
1101 4268 1155 4322 Sed
1175 4269 1242 4338 (Sic)
1343 4339 1346 4344 Ι

96 4363 190 4414 tamen
200 4359 325 4414 extremo
336 4375 391 4429 eqs;
402 4365 474 4429 poto
482 4359 538 4413 Vix
547 4357 634 4414 semel
644 4360 694 4413 aut
703 4359 813 4413 tantum
823 4391 854 4398 -
865 4357 914 4412 Sin
923 4357 1003 4414 uenit
1014 4356 1018 4430 t
1029 4357 1164 4412 amittitr
1173 4375 1207 4416 m.
1215 4364 1243 4433 1,

96 4454 121 4501 Ν
136 4450 140 4517 Ι
155 4446 267 4516 negarit
278 4453 299 4501 r
314 4455 338 4502 Ν
352 4452 385 4518 (v
398 4465 450 4518 rap.
464 4466 499 4505 m.
513 4449 545 4517 2)
559 4449 566 4520 Η
581 4453 598 4502 8
616 4447 720 4503 amiota
738 4447 873 4518 Scotiper:
892 4447 983 4503 amica
1001 4452 1021 4501 0
1037 4449 1041 4515 Ι
1057 4448 1140 4504 thoro
1158 4455 1180 4502 Ν
1193 4453 1217 4502 Ν

149 4547 196 4586 Pao
198 4556 288 4587 rrrrrr
291 4556 308 4587 s.
995 4543 1028 4591 10
