3052 5044
622 310 818 366 PROPERTII
836 311 903 366 LlB.
923 311 957 363 ΙΙ.
977 317 1019 364 30.
1039 317 1082 365 31.

417 473 605 539 Communis
629 474 742 557 culpae
766 495 823 539 cur
845 496 919 538 reus
943 496 1026 538 unus
1050 473 1152 558 agor?

372 581 441 646 Nec
463 585 499 644 tu
523 581 704 666 uirginibus
728 581 910 645 reuerentia
932 582 1073 645 moueris
1098 605 1170 647 ora:

418 687 482 752 Hic
505 709 631 772 quoque
654 709 721 752 non
744 687 847 752 nescit
869 687 945 772 quid
970 687 1014 751 sit
1036 709 1144 754 amare
1168 689 1296 769 chorus,

333 792 411 859 atsi
435 798 542 859 tamen
567 793 686 880 Oeagri
709 793 865 879 quaedam
889 815 1073 878 compressa
1096 795 1203 880 figura

418 899 573 966 Bistoniis
597 902 675 966 olim
697 901 832 984 rupibus
857 902 1014 966 accubuit

376 1007 439 1072 Hic
461 1009 516 1072 ubi
540 1030 590 1072 me
613 1009 719 1092 prima
743 1011 888 1072 statuent
909 1009 943 1072 in
965 1013 1056 1091 parte
1080 1011 1229 1096 choreae,

416 1115 461 1179 Et
483 1115 606 1180 medius
630 1116 724 1180 docta
747 1116 877 1198 cuspide
899 1113 1047 1182 Bacchus
1072 1118 1145 1198 erit,

371 1207 454 1285 Tum
478 1222 576 1306 capiti
600 1243 708 1286 saeros
731 1222 839 1305 patiar
860 1223 998 1306 pendere
1021 1224 1205 1306 corymbos:

329 1345 363 1392 40
418 1324 504 1392 Nam
528 1329 597 1392 sine
621 1351 657 1393 eo
681 1333 828 1393 nostrum
852 1351 918 1392 non
941 1330 1029 1393 ualet
1051 1330 1227 1415 ingenium.

793 1759 919 1832 XXXI.

371 1916 520 1994 Quaeris,
545 1938 601 1980 cur
623 1917 752 1980 ueniam
775 1916 836 1980 tibi
857 1916 990 1981 tardior.
1028 1940 1125 1982 aurea
1148 1919 1271 1984 Phoebi

416 2022 566 2089 Porticus
591 2045 610 2086 a
633 2045 751 2108 magno
775 2023 913 2090 Caesare
937 2028 1049 2108 aperta
1071 2025 1147 2109 fuit,

372 2131 501 2208 Quanta
524 2130 652 2195 eratin
676 2130 827 2213 speciem,
851 2129 967 2194 Poenis
991 2131 1117 2216 digesta
1140 2132 1309 2216 columnis,

346 2256 363 2302 4
416 2237 504 2303 Inter
528 2260 608 2322 quas
632 2237 737 2302 Danai
761 2237 881 2301 femina
903 2236 1000 2300 turba
1022 2238 1118 2301 senis.

345 2345 453 2409 sTum
477 2345 617 2409 medium
641 2344 727 2407 claro
751 2344 907 2428 surgebat
929 2365 1088 2407 marmore
1113 2345 1282 2428 templum,

328 2469 361 2517 10
415 2451 459 2516 Et
481 2451 589 2534 patria
611 2450 742 2514 Phoebo
768 2449 873 2514 carius
898 2447 1043 2534 Ortygia.

371 2559 502 2643 Aequos
523 2555 607 2622 Solis
631 2562 701 2622 erat
724 2579 821 2640 supra
843 2557 975 2642 fastigia
999 2579 1124 2641 currus3

415 2665 460 2729 Et
482 2666 611 2748 ualuae,
635 2664 750 2747 Libyci
773 2665 881 2728 nobile
904 2664 1008 2729 dentis
1034 2686 1129 2748 opus,

371 2772 486 2836 Altera
509 2774 648 2838 deiectos
672 2771 806 2836 Parnasi
830 2772 951 2836 uertice
976 2769 1103 2855 Gallos,

414 2879 528 2945 Altera
551 2881 718 2944 maerebat
740 2878 854 2943 funera
877 2878 1074 2943 Tantalidos.

357 3160 424 3213 Vsu.
445 3180 518 3216 uror.
556 3169 589 3216 32
609 3162 734 3224 comunis
747 3170 769 3214 1)
778 3167 801 3212 V
814 3163 824 3232 ΙΙ
837 3167 870 3214 33
886 3161 945 3215 Nec
964 3161 992 3214 te
1011 3160 1132 3231 uirginei
1145 3180 1166 3214 r.
1182 3163 1302 3217 mouerit
1316 3163 1369 3217 oris
1382 3178 1395 3220 ς
1409 3161 1416 3230 ll

286 3255 320 3302 34
339 3250 429 3304 nescit
447 3252 478 3304 iu
496 3251 588 3306 noscit
606 3267 674 3306 corr.
689 3256 712 3301 V
727 3254 731 3321 ι
748 3251 801 3305 scit
814 3255 834 3301 r
848 3252 858 3320 ΙΙ
871 3256 905 3304 35
925 3249 981 3304 Sed
995 3253 1018 3300 V
1034 3253 1038 3319 l
1055 3248 1162 3320 oeagrii
1175 3255 1209 3317 V;
1230 3252 1338 3323 Oeagro
1351 3253 1415 3306 Bur-

283 3355 401 3392 mannus
419 3340 509 3393 serrior
535 3341 545 3408 ΙΙ
573 3345 611 3394 36.
635 3338 811 3409 ingemuitn
832 3343 907 3407 (etV
925 3355 976 3408 mp.
995 3357 1029 3392 m.
1049 3341 1080 3408 2)
1105 3356 1137 3394 ex
1156 3341 1168 3394 I
1189 3351 1212 3407 1,
1234 3348 1275 3410 14,
1293 3341 1417 3396 sedidem

283 3427 414 3482 accubuit
431 3446 482 3497 orp.
498 3445 553 3496 pro
571 3445 633 3484 aar.
653 3430 708 3482 leet.
732 3431 741 3496 l
763 3434 795 3482 37
815 3443 859 3480 me
879 3432 911 3481 0:
930 3430 959 3481 te
979 3444 995 3486 ς
1014 3427 1137 3498 Gupetus
1155 3430 1164 3498 ΙΙ
1183 3433 1217 3482 38
1237 3429 1332 3500 docta]
1351 3431 1417 3482 tecte

283 3516 406 3586 Scoliper
427 3522 430 3585 Ι
455 3519 555 3572 baccus
574 3524 594 3570 r
613 3516 718 3591 bachus
737 3521 760 3568 V
785 3520 789 3584 1
815 3515 868 3571 eris
888 3516 1067 3586 Rcssberpios
1089 3519 1098 3586 ΙΙ
1126 3523 1159 3570 39
1179 3517 1271 3586 campi
1290 3524 1311 3569 r
1329 3536 1361 3573 m.
1379 3521 1392 3571 l
1411 3513 1415 3584 l

283 3607 421 3662 corimbos
440 3608 484 3676 Vll
497 3613 532 3660 40
551 3623 583 3661 eo
601 3607 712 3675 scripsi:
732 3607 761 3660 te
781 3610 799 3657 0

356 3713 454 3766 XXXI.
505 3715 641 3768 Adhaeret
663 3713 801 3781 superiori
823 3714 854 3766 iri
873 3716 905 3780 0,
928 3714 1069 3780 separauit
1087 3717 1110 3762 V
1132 3718 1205 3768 ra2
1232 3715 1242 3782 11
1269 3720 1285 3766 3
1318 3713 1418 3780 ouans

283 3803 395 3869 scripsi:
415 3802 506 3854 Tanta
524 3807 542 3854 0
562 3803 635 3856 Tota
653 3817 670 3858 ς
687 3808 690 3868 Ι
706 3801 736 3855 in
755 3801 877 3870 spatium
896 3801 1031 3855 Heinsius
1051 3804 1055 3867 Ι
1075 3799 1154 3870 penis
1173 3806 1196 3853 11
1215 3802 1313 3869 pennis
1332 3803 1417 3868 (altr

282 3894 440 3959 suppressio
458 3907 491 3944 m.
511 3892 541 3958 2)
560 3893 584 3941 V
601 3889 698 3958 poenis
716 3894 737 3941 V
755 3907 806 3959 rep.
826 3907 860 3942 ro.
879 3893 911 3944 2:
930 3907 979 3944 om.
999 3896 1020 3940 1>
1035 3893 1055 3940 1²
1078 3891 1082 3957 Ι
1104 3889 1240 3943 columnis
1259 3894 1279 3941 1²
1298 3907 1331 3944 os
1351 3895 1381 3956 2,
1397 3890 1416 3937 V

283 3997 335 4049 rep.
353 3997 388 4032 m.
407 3986 440 4034 2:
460 3977 596 4034 columbis
616 3980 688 4048 ⁰l4
708 3995 795 4046 aquas
814 3983 837 4028 V
855 3995 905 4047 my.
925 3996 959 4032 m.
974 3984 993 4034 2
1010 3980 1014 4046 Ι
1031 3978 1116 4048 senis]
1135 3995 1219 4031 nurus
1233 3982 1256 4030 V
1269 3995 1320 4046 mp.
1335 3996 1367 4034 m.
1381 3981 1397 4032 2
1410 3973 1418 4043 ll

282 4087 330 4124 au.
349 4070 398 4139 qui
415 4072 480 4122 surii
498 4067 530 4120 irs
550 4071 568 4118 0
588 4072 657 4121 0-8
676 4073 741 4135 post
765 4073 796 4120 16
821 4067 929 4121 traiecit
946 4066 1045 4120 Dosse
1067 4068 1143 4134 filies
1173 4067 1183 4136 ΙΙ
1215 4073 1230 4120 9
1262 4067 1335 4120 Dum
1353 4066 1417 4134 M

282 4176 316 4212 rrr.
336 4164 351 4212 1
369 4159 373 4226 Ι
390 4155 483 4213 Clario
503 4155 626 4226 Sculiper
644 4155 725 4210 Pario
746 4156 869 4225 Gemeius
891 4158 901 4226 ΙΙ
925 4161 958 4210 10
978 4155 1068 4210 carius
1086 4160 1144 4207 1114
1163 4156 1199 4223 (et
1217 4159 1240 4207 V
1258 4173 1309 4225 mp.
1328 4173 1361 4210 m.
1378 4156 1416 4220 il:

284 4245 386 4300 clarior
403 4253 425 4297 1)
439 4250 461 4295 V
478 4252 481 4313 l
499 4244 621 4312 orthigia
638 4249 658 4296 1²
678 4244 780 4312 ortigia
798 4248 821 4295 V
840 4246 850 4313 11
869 4250 900 4297 11
921 4247 1032 4314 Aequos
1051 4245 1079 4312 (i.
1100 4261 1119 4298 e.
1140 4245 1233 4300 itidem
1250 4242 1416 4308 martrrorerrs)

283 4334 393 4401 scripsi:
413 4333 450 4385 Et
468 4350 523 4402 quo
542 4336 561 4383 0
580 4332 656 4385 Auro
674 4333 718 4386 uel
736 4332 767 4385 In
786 4348 841 4401 quo
861 4347 877 4390 ς
896 4332 933 4386 Et
951 4334 1006 4387 duo
1022 4364 1053 4372 —
1069 4336 1150 4386 erant
1162 4333 1354 4404 Herteberpius
1366 4333 1375 4401 ΙΙ
1389 4334 1416 4383 le

283 4423 399 4490 sericae
418 4423 457 4474 At
472 4423 476 4490 ι
492 4420 570 4475 libici
587 4423 669 4492 Mu
684 4427 716 4475 13
735 4423 862 4491 parnassi
880 4425 938 4474 nv
