3004 5068
284 310 337 366 XX
717 262 1003 374 radasbonam.

284 474 414 557 plenam
438 477 471 538 et
488 472 740 557 Hippodamiam
764 473 885 538 amoris
909 475 1000 538 aestu
1023 470 1215 556 flagrantem
1238 491 1433 554 componere

284 601 358 643 cum
384 577 540 663 Cynthia,
568 569 793 665 dignissimum
820 578 1000 664 Propertio.
1046 581 1189 644 ceterum
1217 575 1350 642 ‘sacris'
1375 599 1434 660 pro

285 684 398 750 ‘satis'
427 691 558 752 auctore
584 685 769 752 Passeratio
799 685 886 770 dodi,
918 707 1113 770 quamquam
1142 684 1206 750 alia
1230 706 1296 749 non
1325 685 1434 749 miuus

286 792 412 858 iurem
435 797 513 878 apta
536 795 586 876 (ut
609 792 739 878 ‘tutis')
770 793 946 878 excogitari
968 795 1115 878 possunt.
1148 791 1283 856 ethaeo
1306 792 1434 876 quidem

284 898 453 966 hactenus.
1483 949 1484 980 ,

374 1005 566 1073 Uberiorem
594 1007 849 1091 disputationem
877 1006 912 1071 in
939 1006 1001 1071 hoc
1024 1009 1124 1092 poeta
1152 1005 1306 1090 flagitant
1336 1005 1434 1070 inter·
1483 1079 1484 1082 Ἴ

286 1112 478 1196 polationes.
520 1135 602 1198 quae
626 1135 690 1198 quo
717 1116 863 1197 tempore
891 1109 1042 1200 (antiquo
1069 1111 1216 1176 medione
1240 1110 1336 1199 aeuo)
1363 1133 1433 1196 pro·
1483 1111 1484 1186 ἶ

285 1219 435 1284 uenerint
458 1221 608 1304 exputari
630 1222 755 1306 nequit;
784 1242 843 1284 nec
870 1219 971 1284 refert
998 1219 1092 1304 scire,
1119 1219 1215 1284 modo
1244 1218 1358 1284 adesse
1382 1239 1433 1282 eas
1483 1229 1484 1304 ἦ

285 1326 481 1410 optineatur.
500 1327 620 1392 cursim
633 1329 769 1412 tangam
783 1326 927 1392 minutas
942 1327 1015 1390 illas
1030 1325 1211 1390 scribarum
1224 1327 1434 1408 correcturas,
1483 1395 1484 1414 ¹

285 1435 397 1518 quales
419 1433 454 1498 iu
478 1435 628 1499 omnibus
651 1433 718 1498 fere
742 1433 906 1498 codicibus
929 1433 1036 1498 locum
1058 1432 1238 1497 habebant:
1261 1430 1309 1495 sic
1331 1429 1365 1494 H
1387 1431 1433 1509 13,

187 1595 191 1602 .
285 1540 343 1622 47,
371 1541 428 1604 ubi
451 1541 486 1605 in
512 1540 621 1605 uerbis
645 1539 725 1616 ‘Qui
755 1543 839 1605 stam
867 1537 1003 1624 longae'
1026 1538 1240 1623 deprauatum
1268 1541 1319 1602 est
1342 1535 1433 1613 ‘Quis
1483 1545 1484 1558 ¹

284 1645 380 1731 tam'‚
403 1647 586 1712 necessario
609 1669 668 1730 pro
692 1644 832 1731 ‘longae'
859 1649 1072 1730 reposuerunt
1094 1643 1312 1730 ‘longaeuae'5
1336 1644 1382 1708 sic
1403 1642 1433 1707 ll
1483 1627 1484 1638 ἵ

285 1753 338 1836 26,
361 1755 403 1818 28
427 1774 506 1818 uoce
530 1751 668 1818 ‘durare'
691 1753 727 1816 in
750 1750 859 1824 ‘dare'
883 1755 1034 1836 corrupta
1061 1752 1198 1818 alterum
1222 1748 1359 1816 ‘multa’
1384 1749 1433 1814 ad·

286 1858 408 1942 didere;
437 1860 484 1924 sic
507 1858 557 1924 ΠΙ
579 1859 614 1942 5,
640 1860 681 1924 14
708 1858 760 1924 ‘at
787 1857 915 1924 inferna
936 1857 1033 1943 rate',
1062 1880 1136 1923 oum
1164 1857 1263 1924 semel
1287 1855 1361 1922 ‘ad'
1386 1879 1433 1920 ex·

287 1970 415 2030 aratum
439 1970 533 2050 esset,
555 1964 617 2030 hoc
639 1967 711 2034 lene
734 1966 851 2047 uitium
874 1966 975 2033 traxit
989 1969 1096 2032 cetera
1117 1966 1234 2048 uerba3
1257 1965 1304 2030 sic
1317 1965 1366 2030 ΠΙ
1388 1964 1433 2046 13,

287 2072 307 2136 9
330 2095 390 2156 pro
414 2071 518 2138 ‘arma
541 2072 688 2138 maritas'
712 2096 785 2138 cum
809 2072 964 2157 scriptum
988 2074 1075 2136 esset
1097 2069 1199 2136 ‘arma
1216 2071 1320 2157 ritas',
1343 2093 1432 2136 uoca-

242 2241 245 2247 ,
287 2178 357 2244 buli
375 2179 594 2264 fragmentum
612 2179 647 2242 in
666 2176 823 2262 ‘pudicas'
843 2177 1033 2244 refecerunt.
1060 2177 1205 2242 minutae
1223 2176 1321 2242 huius
1340 2177 1432 2240 inter·

287 2285 465 2368 polaticnis
489 2289 526 2350 ut
548 2286 582 2351 in
601 2286 716 2370 quouis
740 2285 908 2370 scriptore,
931 2285 978 2349 ita
1000 2285 1035 2348 in
1052 2282 1215 2367 Propertii
1238 2283 1432 2349 carminibus

170 2427 175 2438 ·
287 2392 391 2456 multa
419 2395 531 2456 extant
559 2392 720 2475 exempla;
753 2392 885 2476 grauior
912 2391 982 2475 illa,
1011 2390 1039 2454 si
1066 2389 1189 2454 formae
1217 2389 1358 2454 rariores
1385 2389 1432 2452 de·

287 2499 401 2581 pulsae
424 2499 628 2584 uulgaribus,
658 2499 686 2563 si
709 2499 844 2564 lacunae
867 2502 989 2563 temere
1012 2497 1174 2581 expletae,
1198 2495 1226 2560 si
1248 2496 1351 2562 uerba
1374 2499 1431 2560 tra-

287 2603 356 2669 dita
378 2627 398 2670 a
421 2606 529 2670 scriba
551 2627 665 2688 parum
694 2604 909 2690 perspiciente
934 2626 972 2670 ex
1001 2603 1146 2668 lubidine
1168 2602 1331 2668 inmutata
1356 2605 1433 2669 sunt

288 2714 322 2775 et
347 2711 444 2776 huius
474 2710 604 2796 quidem
637 2711 763 2796 generis
796 2710 1060 2776 inlustrissimum
1089 2708 1272 2791 exemplum
1299 2709 1432 2775 habetur

291 2814 342 2880 ΙΙΙ
363 2818 391 2899 1,
406 2817 458 2896 27,
483 2817 537 2901 qui
560 2817 651 2886 locus
675 2815 761 2880 felici
781 2814 960 2882 G.W01ffii
984 2815 1129 2881 acumine
1152 2815 1201 2878 ita
1219 2819 1355 2880 sanatus
1374 2821 1431 2880 est:

420 2922 552 2988 Idaeum
577 2921 745 2988 Simoenta
767 2920 855 2987 Iouis
884 2944 957 2987 cum
984 2922 1075 3008 prole
1098 2918 1304 3007 Scamandro,
1481 2909 1482 2926 ¹

288 3030 346 3094 ubi
378 3029 454 3095 ldae
491 3029 613 3096 mentio
645 3029 815 3095 librarium
852 3029 936 3094 male
970 3029 1100 3094 doctum
1130 3027 1258 3092 induxit
1293 3032 1330 3093 ut
1362 3049 1431 3094 suae

290 3135 467 3218 sapientiae
495 3136 724 3200 documentum
755 3131 887 3200 foedum
918 3139 1115 3222 propagaret
1142 3134 1247 3200 ‘Iouis
1279 3134 1432 3200 cunabula

288 3240 401 3325 parui'.
417 3278 459 3289 ·-
484 3241 518 3304 in
536 3241 717 3307 clarissima
737 3244 845 3306 autem
870 3240 941 3305 luce
960 3241 1246 3326 interpolationem
1265 3243 1330 3306 late
1350 3263 1431 3326 gras·
1480 3295 1481 3298 ,

289 3351 394 3412 satam
417 3352 543 3432 ponunt
566 3348 852 3434 grammaticorum
875 3351 1023 3412 ueterum
1045 3347 1242 3412 testimonia.
1279 3370 1299 3412 a
1322 3349 1430 3434 quibus

289 3454 365 3518 licet
392 3455 500 3540 pauci,
533 3454 619 3540 quod
649 3455 719 3520 iure
743 3454 866 3538 doleas,
897 3452 1058 3537 Propertii
1085 3474 1197 3517 uersus
1230 3454 1333 3518 adlati
1365 3455 1431 3534 sint,

290 3564 401 3625 tamen
424 3561 477 3625 uel
501 3583 540 3625 ex
563 3561 614 3625 his
637 3561 750 3646 paucis
765 3581 862 3645 quam
885 3561 970 3624 male
992 3559 1035 3624 sit
1047 3559 1179 3623 habitus
1202 3561 1310 3624 textus
1328 3562 1431 3624 noster

289 3666 499 3731 manifestum
518 3667 565 3730 lit.
598 3666 631 3731 ΙΙ
651 3667 703 3750 33,
718 3667 759 3731 37
780 3667 953 3732 lectionem
977 3666 1148 3730 ‘demissae
1162 3701 1204 3711 —
1221 3665 1338 3731 sertae'
1357 3665 1430 3732 Cha·

288 3774 395 3854 risius,
417 3772 468 3838 Ill
488 3774 517 3853 8,
532 3775 573 3838 37
599 3772 742 3838 ‘nexisti'
763 3772 950 3838 Priscianus
969 3775 1016 3838 ita
1029 3776 1192 3838 testantur
1209 3777 1247 3837 ut
1265 3773 1304 3838 de
1322 3774 1429 3838 horum

294 3880 456 3945 erroribus
490 3881 629 3966 cogitari
660 3883 814 3965 nequeat:
848 3881 998 3968 uulgaria
1026 3879 1182 3944 ‘demissa
1207 3916 1244 3926 -
1272 3879 1374 3945 serta'
1403 3880 1430 3941 et

290 3985 461 4051 ‘tendisti'
485 3997 512 4053 0
537 3985 719 4073 exhibet*).
761 3986 817 4050 sed
839 3991 876 4052 ut
904 3987 940 4052 in
966 3986 1018 4051 his
1047 3987 1209 4071 uersibus,
1237 3988 1264 4051 si
1292 3988 1429 4052 deessent
1477 4043 1479 4080 ,

367 4251 393 4320 *)
412 4251 496 4306 miror
515 4249 690 4320 Maduigium
710 4250 837 4321 [Aduers.
857 4248 922 4306 crit.
942 4251 969 4304 II
986 4269 1012 4321 p.
1031 4252 1077 4322 65]
1096 4250 1236 4305 informa
1255 4251 1368 4308 ‘sertae'
1386 4248 1428 4304 uli·

292 4339 361 4410 quid
387 4340 581 4396 reconditioris
606 4337 760 4408 sapientiae
784 4338 901 4395 odorari.
934 4355 952 4392 a
975 4339 1166 4410 compluribus
1190 4339 1314 4410 optimae
1336 4336 1427 4394 aetatis
1477 4415 1478 4420 ἵ

294 4425 477 4495 scriptoribus
496 4444 559 4482 eam
578 4425 711 4480 usitatam
731 4426 815 4482 fuisse
833 4427 937 4482 docent
954 4426 1132 4500 grammatici
1151 4430 1267 4484 ueteres.
1301 4429 1354 4484 luit
1367 4429 1426 4482 haec
