3004 5068
482 293 771 364 raouneouuuu.
1117 307 1206 362 xmx

49 497 183 541 amores
213 497 247 540 se
271 495 384 539 111111
412 474 593 558 profitetur.
632 477 665 536 11
687 473 806 536 reiecto
829 493 939 554 panno
962 470 1018 536 illo
1042 470 1148 536 alieno
1171 470 1205 535 ΙΙ

51 583 165 647 7-13
189 605 286 665 quam
308 602 384 646 uere
408 578 469 644 hoc
494 580 531 644 de
551 601 585 644 se
608 579 810 664 profiteatur,
834 579 898 644 iam
923 581 1030 644 totum
1052 579 1204 644 uolumen

53 689 232 754 secundum
256 688 368 771 aperit.

144 796 194 860 Ad
217 794 351 859 tertium
374 794 528 858 uolumen
555 794 771 878 peruenimus.
808 791 894 878 quod
917 812 990 860 cum
1020 793 1128 858 ederet
1151 815 1204 858 ex·

54 907 153 968 eunte
193 903 260 966 fere
305 925 333 966 a.
365 902 427 986 23,
468 923 541 966 curn
585 901 721 966 consilio
763 901 900 966 diuersis
942 901 1022 968 locis
1069 902 1205 968 inseruit

54 1012 198 1075 carmina
227 1009 345 1094 quibus
374 1008 574 1093 significaret
602 1009 691 1073 aliud
722 1030 858 1093 poeseos
881 1030 983 1094 genus
1008 1032 1042 1074 se
1064 1009 1203 1093 posthac

54 1122 262 1183 sectaturum.
291 1116 365 1180 licet
385 1115 473 1179 enim
493 1114 611 1200 elegiis
624 1116 709 1180 1-3
728 1137 762 1179 sc
781 1115 911 1181 heroico
930 1116 1067 1180 carmini
1085 1138 1201 1201 parurn

55 1229 168 1309 aptum
189 1224 364 1288 identidem
384 1224 535 1307 declaret,
558 1246 634 1289 mox
652 1227 762 1290 tamen
781 1227 817 1288 ut
836 1224 907 1288 aliis
924 1223 1087 1308 opusculis
1107 1224 1202 1310 [eleg.

54 1335 76 1396 4
101 1337 132 1397 11
154 1333 187 1413 5]
216 1331 322 1415 magis
353 1333 437 1394 tecte
466 1330 586 1395 indicat
609 1332 656 1395 ita
680 1333 712 1396 et
740 1332 861 1416 elegiae
884 1353 989 1396 nonae
1016 1331 1080 1395 fine
1105 1334 1138 1395 et
1161 1353 1199 1395 eo

56 1440 138 1522 quod
165 1440 199 1503 in
225 1438 312 1502 hunc
340 1437 459 1501 librum
489 1440 714 1504 reuocauimus
741 1440 925 1524 fragmento
954 1436 987 1501 ΙΙ
1019 1439 1060 1502 10
1088 1440 1201 1522 aperte

57 1547 213 1630 eloquitur
246 1547 370 1608 certum
400 1567 495 1608 suum
523 1546 563 1610 ad
591 1547 683 1631 epica
710 1547 882 1611 tractanda
910 1545 1099 1612 transeundi
1127 1567 1200 1610 con-

57 1652 175 1738 silium,
205 1652 343 1717 assiduis
371 1652 569 1717 Maecenatis
598 1653 736 1718 maxime
764 1653 915 1738 precibus
943 1653 1067 1719 cedens.
1108 1652 1199 1716 cuius

57 1761 102 1823 rei
130 1761 206 1825 haec
237 1763 404 1844 praeterea
435 1782 533 1824 causa
562 1760 624 1824 fuit
654 1761 739 1843 quod
764 1781 833 1825 eam
865 1781 947 1844 quae
976 1761 1011 1823 in
1039 1736 1198 1844 poematis

59 1854 216 1932 amatoriis
240 1873 309 1932 tam
329 1866 384 1930 diu
403 1870 596 1950 regnauerat
621 1866 783 1931 dimittere
798 1868 989 1952 cogebatur.
1019 1864 1075 1930 sed
1094 1865 1197 1930 inten-

59 1974 118 2037 tius
141 1975 259 2039 amoris
283 1975 369 2038 illius
393 1974 490 2038 finem
513 1995 751 2059 persequamur.
781 1979 812 2038 et
835 1974 939 2058 primo
965 1973 1093 2057 quidem
1117 1977 1198 2036 tem-
1277 1992 1280 1998 ·

60 2103 132 2162 pore
155 2083 302 2167 quietum
324 2103 382 2146 nec
405 2082 470 2146 nisi
492 2082 608 2146 leuiter
636 2081 803 2148 turbatum
826 2103 898 2146 cum
922 2079 1063 2165 Cynthia
1087 2083 1198 2145 contu·

59 2189 196 2253 bernium
220 2189 362 2274 produnt
384 2189 472 2254 haud
495 2210 599 2272 pauca
618 2189 762 2254 carmina
786 2186 839 2272 (cf.
854 2187 903 2252 llI
926 2189 960 2272 63
984 2189 1017 2274 83
1045 2189 1098 2272 103
1125 2185 1197 2273 16);

60 2294 137 2360 inter
159 2319 238 2382 quae
262 2298 295 2361 id
319 2297 404 2381 quod
429 2301 479 2358 est
501 2317 634 2359 numero
663 2296 821 2360 decimum
846 2295 994 2380 quintum
1017 2294 1197 2376 principem

61 2403 175 2486 optinet
197 2404 318 2488 locum,
346 2403 386 2468 ad
414 2407 542 2485 tempus
571 2402 657 2487 quod
681 2403 812 2488 attinet,
840 2406 953 2485 utpote
983 2401 1093 2466 statim
1121 2407 1197 2485 post

62 2508 172 2573 editum
194 2510 314 2574 librum
332 2507 365 2573 H
389 2509 617 2593 conscriptum.
641 2531 719 2573 nam
734 2506 902 2594 Cynthiae,
926 2532 1006 2594 quae
1030 2531 1103 2574 eum
1123 2531 1196 2574 oum

61 2613 196 2697 Lycinna
218 2616 342 2681 famula
365 2637 434 2679 rem
459 2615 562 2680 adhuc
585 2616 705 2680 habere
731 2615 972 2700 suspicabatur,
995 2614 1194 2700 respondens

61 2725 148 2802 pocta
168 2723 247 2788 haec
271 2723 362 2788 dicit:

182 2847 310 2913 Tertius
333 2847 421 2912 haud
444 2850 546 2914 multo
569 2849 675 2914 minus
700 2851 749 2913 est
773 2871 846 2915 oum
869 2848 996 2914 ducitur
1020 2870 1136 2914 annus:

229 2955 295 3022 Vix
317 2955 449 3020 memini
471 2956 567 3021 nobis
591 2957 690 3021 uerba
714 2956 817 3022 coisse
842 2955 958 3021 decem.

182 3062 306 3129 Cuncta
328 3065 404 3128 tuus
429 3063 581 3147 sepeliuit
604 3086 709 3147 arnor,
733 3085 792 3129 nec
815 3063 937 3128 femina
959 3067 1090 3147 postte

228 3169 305 3236 Ulla
329 3169 417 3234 dedit
440 3170 524 3236 collo
548 3170 654 3235 dulcia
676 3171 784 3236 uincla
808 3191 890 3236 meo,
1000 3247 1001 3250 Ἴ

62 3291 114 3358 hoc
128 3299 174 3360 111
191 3297 293 3361 missa
307 3295 507 3360 Lachmanni
527 3295 640 3378 [praef.
654 3317 686 3379 p.
699 3293 822 3376 XXVI]
847 3296 973 3360 ratione
987 3295 1192 3384 peruersa*):

61 3421 92 3462 cx
113 3424 171 3486 quo
193 3407 225 3468 te
250 3387 359 3468 111111
383 3402 483 3486 coepi,
507 3405 540 3464 et
557 3401 736 3485 Lycinnam
760 3402 897 3467 stelias
921 3424 1032 3468 omnes
1055 3405 1192 3490 neglexi.

59 3503 157 3592 itaque
175 3511 201 3574 si
220 3515 288 3574 tres
307 3510 447 3593 fereper
467 3530 569 3573 annos
589 3509 777 3592 Propertius
797 3531 830 3572 se
851 3509 917 3572 iam
936 3508 1062 3592 puellae
1082 3533 1191 3576 amore

60 3617 150 3680 teneri
172 3617 264 3701 dicit,
292 3617 551 3701 quandoquidem
578 3617 672 3680 initio
697 3617 789 3680 128
819 3637 890 3680 eam
918 3617 1053 3702 diligere
1077 3621 1192 3704 coepit,

120 3826 142 3896 ³⁴⁸)
169 3833 200 3882 ut
222 3829 269 3883 hic
292 3845 348 3883 non
370 3828 505 3898 intellego
535 3845 584 3882 cur
606 3827 802 3883 Lachmannus
829 3827 1005 3897 Propertium
1032 3831 1102 3886 haec
1127 3836 1193 3901 post

61 3913 127 3969 illum
149 3935 251 3972 annum
275 3934 331 3987 quo
354 3917 450 3986 pulsus
473 3917 527 3972 fuit
550 3917 671 3972 scribere
693 3933 750 3971 non
773 3933 904 3971 11111111
928 3918 1014 3973 fuisse
1038 3920 1127 3991 dicat,
1149 3922 1192 3976 ita

63 4006 140 4059 neute
165 4024 221 4061 non
246 4006 385 4076 perspicio
414 4023 469 4075 quo
499 4006 559 4061 iure
587 4006 661 4060 idem
691 4006 722 4059 in
750 4007 939 4076 computando
972 4007 1059 4062 totius
1087 4009 1190 4066 amoris

63 4094 137 4159 spatio
161 4095 271 4150 discidii
297 4113 400 4150 annum
427 4098 505 4150 extra
531 4095 668 4150 calculum
694 4095 761 4164 poni
787 4095 888 4150 debere
915 4097 1073 4152 contendat.
1108 4099 1190 4166 quasi

63 4197 115 4236 uero
132 4185 202 4240 hunc
222 4184 303 4240 anxie
323 4184 480 4254 excepisset
498 4184 521 4238 is
541 4184 590 4253 qui
607 4186 699 4238 totum
717 4187 830 4254 tempus
849 4183 1000 4253 respiciens
1020 4186 1190 4242 exclamauit

65 4267 178 4340 ‘quinque
198 4274 252 4328 tibi
270 4273 351 4344 potui
370 4273 473 4328 seruire
492 4273 613 4329 fideliter
631 4274 745 4328 annos'!
779 4291 844 4328 nam
862 4274 922 4342 ipse
942 4274 1016 4328 certe
1036 4273 1126 4329 etiam·
1139 4293 1190 4346 per

64 4372 148 4416 aunum
169 4363 250 4418 illum
274 4380 369 4418 amore
393 4363 504 4432 puellae
532 4363 682 4450 tenebatur
710 4363 842 4432 omnique
868 4363 949 4417 modo
974 4364 1006 4416 ut
1030 4363 1135 4420 rediret
1159 4366 1189 4420 in

65 4451 165 4509 aratiam
183 4469 299 4538 cumea
317 4452 484 4523 temptabat.

105 4547 254 4594 Puoisamus.
957 4545 975 4598 d
