3004 5068
475 337 760 395 PROLEGOMENA.
1024 375 1029 382 -
1118 341 1193 395 XLV

138 499 263 587 Neque,
292 502 347 586 qui
376 523 476 567 unum
504 503 622 568 librum
649 503 791 588 primum
818 525 921 588 paruo
949 507 1095 587 tempore
1120 507 1195 568 ante

61 607 214 693 emiserat,
236 607 305 674 inre
329 607 368 674 de
391 631 426 674 se
448 610 649 694 praedicauit
672 610 704 676 II
729 612 758 696 7,
784 610 838 676 17:

182 715 267 780 Hinc
291 716 412 780 etenim
434 719 562 782 tantum
586 718 703 782 meruit
726 739 799 783 mea
822 718 927 803 gloria
949 739 1076 804 nomen,

230 821 344 888 Gloria
367 823 407 888 ad
430 823 587 890 hibernos
610 825 679 890 lata
702 823 972 910 Borysthenidas.

62 929 256 1013 quantumuis
281 921 366 994 enim
389 931 495 1016 poetis
519 932 704 1016 superbiam
728 931 854 997 meritis
878 933 1059 1018 quaesitam
1083 953 1195 998 conce·

62 1035 171 1121 damus,
193 1040 304 1102 tamen
323 1059 362 1102 ex
386 1060 474 1104 mera
496 1039 742 1125 uaniloquentia
760 1040 907 1124 profecta
925 1040 1076 1105 uidentur
1094 1041 1196 1106 uerba

61 1143 122 1223 illa,
148 1144 175 1208 si
198 1145 239 1210 ab
264 1166 303 1209 eo
331 1143 541 1242 proferuntur
564 1147 619 1231 qui
646 1147 778 1212 uixdum
807 1147 996 1213 monobiblo
1026 1170 1084 1213 suo
1108 1147 1195 1212 edito

61 1249 194 1315 fauorem
216 1251 385 1317 hominum
408 1253 513 1337 primo
534 1257 685 1339 expertus
710 1258 768 1320 est.

140 1357 198 1423 His
223 1359 323 1443 igitur
346 1359 529 1426 rationibus
553 1361 683 1427 adducti
711 1365 816 1430 totam
838 1362 917 1428 libri
941 1361 1071 1427 secundi
1095 1363 1195 1446 parti-

62 1465 170 1550 culam,
202 1487 284 1550 quae
312 1488 332 1530 a
364 1467 506 1533 carmine
538 1466 605 1533 fere
639 1470 777 1554 septimo
805 1469 921 1556 incipit
953 1467 1043 1555 (nam
1073 1472 1195 1534 certum

62 1571 137 1636 illius
169 1573 299 1640 initium
331 1578 465 1658 propter
498 1575 638 1640 laceram
672 1577 793 1661 elegiae
827 1581 936 1642 sextae
973 1576 1195 1643 condicionem

61 1681 191 1744 statuere
213 1701 280 1745 non
303 1679 395 1767 licet)
419 1684 452 1745 et
475 1703 574 1767 usque
599 1683 639 1748 ad
663 1683 778 1748 decimi
800 1683 889 1748 tertii
911 1685 1014 1774 „finem
1045 1683 1197 1768 pertinet,

61 1785 127 1852 binc
157 1788 385 1853 remouendam
413 1791 447 1852 et
476 1789 634 1854 uolumini
666 1790 763 1868 tertio
795 1789 989 1856 reddendam
1017 1811 1197 1856 censemus.

61 1915 148 1978 quam
172 1895 239 1960 sedi
267 1894 427 1980 genuinae
455 1895 538 1960 uelle
565 1897 736 1962 restituere
764 1901 939 1982 propterea
967 1897 1197 1963 difficillimum

62 2001 199 2086 estquod
213 2005 246 2066 et
260 2003 294 2066 in
310 2003 416 2067 fronte
431 2004 582 2068 mutilata
605 2007 694 2069 extat
707 2009 741 2070 et
763 2006 797 2069 in
820 2005 907 2070 exitu
931 2027 1054 2088 manca,
1077 2027 1148 2072 cum
1168 2005 1196 2068 is

62 2110 110 2192 qui
131 2109 207 2174 folia
235 2111 378 2174 errantia
407 2109 515 2176 refixit
542 2133 646 2196 pauca
668 2133 773 2178 nouae
802 2112 924 2198 elegiae
955 2111 1093 2178 disticha
1122 2115 1197 2196 post

61 2213 89 2278 ΙΙ
114 2217 149 2281 13
173 2216 295 2301 addita,
323 2219 436 2301 utpote
460 2219 596 2284 consilio
622 2241 681 2285 suo
708 2220 937 2304 repugnantia,
967 2219 1115 2286 omisisse
1140 2241 1198 2302 pu-

61 2323 168 2390 tandus
192 2324 243 2390 sit.
286 2345 382 2410 quam
406 2325 447 2389 ob
472 2347 603 2390 causam
627 2326 667 2416 ad
689 2327 828 2392 nihilum
857 2326 1003 2394 recidunt
1026 2325 1197 2392 conamina

62 2430 162 2495 omnia
187 2430 227 2495 de
259 2432 474 2497 uetustissimi
505 2433 624 2499 codicis
656 2433 760 2498 turbis
791 2433 872 2500 certi
903 2432 1026 2518 aliquid
1056 2431 1198 2498 eruendi.

63 2537 109 2600 sed
138 2537 408 2624 circumspicienti
440 2539 537 2623 mihi,
567 2541 698 2606 ubinam
730 2541 891 2627 particula
913 2541 971 2606 illa
993 2559 1059 2606 non
1088 2539 1197 2624 inepte
1260 2611 1263 2618 ,

62 2647 163 2725 posset
190 2646 304 2723 inseri,
331 2667 408 2731 praa
432 2647 548 2712 ceteris
577 2648 701 2732 placuit
722 2648 832 2714 hiatus
862 2648 930 2730 ille,
959 2648 1014 2732 qui
1038 2650 1088 2712 est
1113 2647 1199 2710 inter

61 2748 104 2812 ΙΙΙ
128 2753 165 2817 19
190 2756 223 2817 et
246 2753 298 2818 20.
335 2775 412 2818 nam
435 2758 468 2819 et
489 2753 570 2819 illud
594 2777 723 2821 carmen
746 2757 781 2820 in
801 2757 864 2821 fine
888 2759 1073 2820 truncatum
1097 2757 1147 2818 est
1166 2757 1198 2817 et

61 2855 147 2923 huius
170 2882 282 2926 uersus
309 2860 494 2926 1—10uix
519 2862 605 2927 aliud
630 2866 707 2928 sunt
730 2886 828 2946 quam
856 2862 1014 2949 longioris
1038 2860 1197 2946 poematis

62 2965 165 3030 exitus.
195 2966 319 3051 elegiae
333 2965 434 3051 igitur
448 2966 498 3031 111
513 2967 565 3051 20,
583 2969 690 3033 1-10
713 2969 881 3035 exordium
905 2973 981 3054 post
1004 2967 1037 3033 Il
1063 2969 1103 3033 13
1127 2989 1198 3053 per·

60 3070 128 3136 iisse
151 3072 345 3157 putauerim.

141 3177 208 3246 Nec
236 3181 369 3246 obstant
399 3181 475 3247 huic
508 3187 638 3250 nostrae
671 3185 851 3250 sententiae
883 3185 1027 3250 rationes
1062 3183 1197 3248 chrono-

62 3283 185 3369 logicae.
223 3287 265 3352 ad
288 3310 369 3372 quas
394 3311 475 3374 quae
500 3293 649 3375 spectant
672 3313 758 3356 nunc
782 3291 974 3356 breuissime
997 3291 1197 3376 disceptabo.

63 3390 242 3478 Propertius
267 3396 332 3459 iam
356 3395 432 3461 inde
456 3397 497 3461 ab
522 3397 617 3463 initio
638 3399 758 3464 amoris
783 3398 832 3464 sui
854 3395 954 3484 (quod
979 3421 1063 3463 anno
1083 3398 1125 3462 28
1150 3397 1197 3460 in-

63 3499 184 3584 cipienti
208 3499 368 3588 attribuo)
393 3503 545 3569 duritiem
568 3503 730 3589 Cynthiae
754 3509 906 3590 expertus
930 3527 1027 3570 unum
1052 3525 1129 3589 prae
1149 3524 1198 3568 cc·

62 3607 130 3672 teris
158 3609 321 3675 aemulum
349 3608 479 3696 habuit,
507 3616 691 3696 praetorem
716 3611 809 3678 illum
833 3611 1009 3696 Illyricum.
1043 3611 1098 3696 qui
1123 3632 1198 3674 uere

63 3715 129 3779 anui
155 3716 243 3782 illius
271 3717 304 3781 in
334 3718 535 3800 prouinciam
565 3719 710 3784 abiturus
733 3719 827 3784 illam
857 3741 966 3784 secum
994 3718 1118 3784 studuit
1142 3719 1198 3784 ab·

63 3817 174 3887 ducere.
206 3845 304 3908 quam
323 3827 360 3888 ut
378 3825 500 3892 Romae
520 3831 667 3892 maneret
686 3827 837 3912 precibus
857 3827 924 3893 suis
949 3827 1083 3892 adduxit
1101 3831 1199 3914 poeta

64 3923 151 4014 (18).
184 3953 243 3996 nec
267 3934 377 3996 tamen
400 3933 469 4016 ipse
495 3933 613 3998 abhinc
635 3935 763 4020 puellae
787 3956 897 4000 amore
920 3934 984 4000 nisi
1007 3935 1198 4000 breuissime

64 4032 230 4103 fruebatur.
270 4061 346 4103 nam
376 4039 465 4104 rixae
494 4045 624 4106 exortae
653 4041 827 4107 effecerunt
855 4046 892 4107 ut
924 4041 1105 4107 amantium
1135 4042 1198 4105 exi·
1332 4107 1336 4114 ,

65 4145 154 4207 steret
181 4145 362 4210 discidium.
403 4149 509 4212 totum
537 4170 595 4233 per
623 4171 741 4214 annum
772 4171 806 4213 se
835 4150 999 4213 exclusum
1028 4170 1098 4212 esse
1128 4148 1199 4231 ipse

65 4249 192 4316 testatur
214 4253 231 4317 I
256 4254 285 4337 1,
310 4255 327 4318 7
355 4253 472 4340 (neque
496 4255 581 4320 enim
605 4255 792 4321 dubitamus
817 4255 894 4341 quin
917 4253 1004 4320 ‘toto
1032 4289 1069 4299 -
1096 4253 1198 4318 anno'

66 4361 140 4422 recte
166 4359 211 4424 ibi
235 4358 390 4447 legatur).
432 4383 530 4428 causa
558 4366 667 4427 autem
696 4362 821 4428 discidii
851 4361 931 4426 leuis
959 4366 1075 4446 poetae
1103 4363 1199 4448 culpa

66 4462 180 4531 uidetur
203 4467 313 4532 fuisse.
342 4469 410 4552 ipre
434 4468 513 4534 dicit
535 4468 585 4534 ΙΙΙ
611 4471 660 4553 16,
683 4471 717 4534 9:
