3004 5068
254 317 293 370 Vl
680 312 967 369 PROLEGOMENA.

345 476 491 542 Alteram
515 498 649 562 eamque
673 476 778 542 adhuc
800 476 1001 562 incognitam
1020 476 1179 540 familiam
1199 476 1415 541 conformant

255 585 290 649 hi
313 584 404 649 libri:

342 701 374 755 V
392 721 434 742 =
454 689 554 755 codex
582 688 1002 756 Ottobonianc-Vaticanus
1033 689 1132 773 1514,
1154 690 1304 774 membr,
1333 713 1409 755 sae-

256 798 319 862 culi
346 796 425 861 XIV
453 797 618 880 exeuntis,
645 797 768 861 formae
796 797 930 860 octenae
958 795 1105 879 maioris,
1132 795 1220 860 foliis
1248 800 1412 863 constans

257 905 309 988 83,
331 903 448 988 quibus
472 903 560 967 solus
583 903 722 967 habetur
745 901 942 985 Propertius.
985 901 1072 985 olim,
1094 905 1131 966 ut
1152 903 1259 986 prima
1281 903 1413 968 indicat

256 1010 384 1096 pagina,
415 1010 542 1094 collegii
570 1012 641 1074 erat
668 1007 863 1073 lesuitarum
891 1006 1040 1072 Romani.
1082 1013 1243 1074 correctus
1273 1013 1323 1074 cst
1352 1011 1412 1077 hic

255 1118 338 1182 liber
361 1139 381 1181 a
403 1116 503 1180 uariis
528 1115 649 1180 saeculi
667 1115 728 1180 XV
748 1115 860 1199 doctis,
884 1137 1021 1198 quorum
1041 1137 1155 1180 manus
1175 1116 1318 1181 diuersas
1338 1139 1410 1182 uno

257 1224 340 1308 siglo
363 1245 403 1288 m.
426 1228 449 1289 2
472 1221 716 1306 comprehendit
739 1221 906 1308 Augustus
929 1221 1015 1304 Mau,
1038 1221 1094 1304 qui
1116 1225 1153 1286 ut
1176 1225 1301 1288 ceteros
1323 1224 1409 1289 Pro-

258 1331 357 1414 pertii
387 1330 513 1394 codices
543 1328 719 1394 Vaticance
749 1329 829 1393 mihi
860 1328 1057 1393 examinauit
1085 1329 1134 1392 ita
1163 1329 1249 1393 hunc
1282 1331 1410 1396 librum

259 1439 365 1502 toturn
388 1435 527 1502 contulit
544 1457 616 1500 cum
635 1436 746 1500 labore
760 1435 868 1499 hercle
886 1457 953 1500 non
966 1456 1078 1518 paruo.
1110 1457 1185 1500 nam
1205 1440 1409 1503 correctores

258 1543 342 1608 male
367 1542 484 1627 seduli,
511 1563 577 1606 non
606 1542 749 1607 contenti
776 1541 810 1605 in
834 1541 1035 1626 marginibus
1054 1541 1202 1626 interque
1225 1543 1326 1608 lineas
1352 1546 1411 1610 ad-

258 1651 415 1736 spersisse
438 1649 594 1734 plurimas
616 1671 720 1714 nouas
743 1648 899 1713 lectiones
924 1645 997 1734 (has
1022 1670 1147 1734 quoque
1172 1651 1206 1713 et
1229 1651 1410 1734 exprioris

255 1756 401 1820 familiae
425 1755 534 1821 codice
558 1754 666 1838 aliquo
691 1758 724 1819 et
747 1776 785 1818 ex
809 1755 1003 1820 coniecturis
1027 1729 1219 1842 prompbas),
1243 1757 1340 1821 etiam
1371 1759 1410 1822 in

255 1865 327 1948 ipso
350 1861 522 1926 uerborum
546 1864 699 1926 contextu
723 1883 818 1945 saepe
842 1861 942 1925 erasis
965 1861 1112 1945 pristinis
1136 1863 1306 1945 scripturis
1326 1885 1408 1928 suas

255 1970 450 2035 infulserunt
464 1967 740 2051 interpolationes
767 1969 891 2053 haeque
905 1988 1037 2032 rasurae
1052 1970 1085 2031 et
1100 1971 1301 2032 correcturae
1315 1968 1409 2034 haud

257 2098 331 2140 raro
360 2079 428 2140 tam
457 2074 620 2138 subtiliter
647 2078 723 2138 sunt
750 2074 855 2138 factae
883 2077 921 2138 nt
947 2073 1042 2138 facile
1065 2073 1182 2139 fallant
1210 2076 1321 2140 oculos
1344 2077 1408 2141 ite·

256 2185 391 2266 rataque
406 2180 535 2245 demum
554 2178 696 2244 aMauio
712 2180 912 2264 inspectione
931 2180 1076 2245 detectae
1092 2180 1158 2244 sint
1177 2183 1409 2265 suppeditante

256 2287 337 2353 mibi
362 2287 553 2371 suspitionis
578 2308 691 2350 ansam
715 2286 824 2352 codice
847 2286 1085 2352 Danentriensi.
1121 2289 1208 2354 bona
1231 2288 1317 2352 enim
1335 2289 1407 2355 for-

256 2397 336 2458 tuna
360 2394 481 2457 factum
505 2396 613 2457 estut
635 2396 774 2457 aetatem
798 2393 1016 2457 tulerit‘liber
1038 2416 1096 2477 per
1116 2393 1310 2460 omniafere
1329 2418 1407 2462 curn

255 2510 287 2564 V
306 2500 493 2584 conspirans
516 2499 634 2584 ibique,
657 2499 713 2564 ubi
735 2499 831 2564 huius
852 2521 965 2565 manus
984 2501 1091 2584 prima
1109 2503 1232 2567 incerta
1251 2523 1287 2566 ac
1307 2503 1410 2569 dubia

257 2609 321 2689 est,
349 2605 524 2690 genuinam
551 2607 725 2672 lectionem
748 2606 895 2672 indicans
919 2597 1068 2692 adeoqne‘
1085 2608 1136 2672 illi
1158 2607 1220 2691 ipsi
1242 2609 1409 2676 Interdum

256 2714 436 2797 praestans,
460 2713 583 2778 scilicet

345 2831 375 2885 D
391 2848 431 2871 =
447 2819 547 2884 codex
569 2819 786 2884 bibliothecae
809 2820 897 2902 publ.
917 2821 1007 2885 urbis
1026 2820 1409 2890 Neerlandicae'Dauen-

257 2929 348 3011 triae,
366 2947 499 2990 numero
518 2926 602 2990 1792
617 2925 800 3010 insignitus,
819 2925 908 2990 foliis
929 2926 1079 3012 oblongis
1097 2929 1230 2993 membr.
1246 2930 1287 2994 68
1303 2952 1408 2998 unum

256 3033 463 3118 Propertium
487 3032 650 3116 exhibens
673 3031 782 3114 pulcre
805 3031 970 3117 nitidoque
989 3033 1130 3118 scriptus
1149 3035 1183 3098 in
1200 3035 1298 3101 Italia
1316 3038 1408 3104 Intra

258 3165 285 3207 a.
309 3141 376 3206 fere
402 3139 588 3204 1410-20.
623 3138 659 3202 in
681 3138 776 3202 initio
799 3155 900 3202 unum
923 3139 1038 3204 folium
1062 3140 1167 3226 periit,
1189 3143 1274 3207 unde
1297 3165 1317 3207 a
1338 3144 1406 3230 12,

260 3248 301 3312 14
325 3247 449 3330 incipit.
485 3244 568 3309 nihil
590 3245 658 3310 fere
681 3246 714 3310 in
740 3245 808 3310 eius
832 3249 922 3310 textu
946 3249 1124 3312 correctum
1144 3250 1206 3327 est,
1230 3248 1286 3312 sed
1303 3250 1406 3316 habet

257 3354 310 3419 hic
342 3353 409 3418 illic
441 3353 475 3416 in
507 3351 654 3436 margine
687 3373 706 3415 1
739 3373 838 3415 manu
868 3352 994 3437 aequali
1023 3352 1132 3417 uarias
1163 3354 1319 3420 lectiones
1349 3359 1404 3422 ad-

258 3458 444 3544 scriptas*).
487 3457 664 3522 clarissime
695 3462 803 3523 autern
833 3469 862 3523 D
894 3459 1035 3524 ostendit
1062 3464 1260 3546 quantopere
1288 3464 1321 3528 in
1350 3465 1404 3529 his

258 3568 354 3631 rebus
378 3565 486 3631 ualeat
509 3569 597 3630 recta
620 3565 804 3631 aestimatio
829 3569 925 3652 atquc
944 3560 1098 3645 αὐτοψία.
1135 3568 1212 3632 clim
1230 3570 1315 3635 enim
1334 3575 1406 3636 erat

258 3673 345 3737 Petri
374 3672 566 3756 Burmanni,
596 3672 651 3757 qui
679 3695 755 3762 eum
785 3673 922 3737 alterurn
955 3696 1049 3738 suum
1079 3678 1174 3739 uocat
1205 3677 1404 3762 protulitque

258 3779 332 3843 inde
354 3779 389 3842 in
413 3779 645 3844 commentario
669 3779 826 3845 lectiones
849 3781 1017 3864 plurimas.
1059 3802 1139 3866 quas
1162 3804 1221 3866 pro
1244 3783 1404 3849 Italorum

259 3884 449 3951 commentis
468 3883 629 3969 accipiens
648 3883 876 3950 Lachmannus
895 3885 1175 3952 Burmannianum
1194 3889 1333 3954 alterum
1355 3891 1404 3955 in-

258 3993 410 4058 fimorum
428 3991 586 4056 librorum
605 3991 710 4056 ordini
725 3992 896 4077 adscripsit
911 3993 1024 4077 [praef.
1039 3993 1112 4058 edit.
1126 3994 1243 4078 prioris
1257 4019 1288 4080 p.
1302 3995 1404 4080 XIV}

260 4101 315 4184 qui
338 4100 365 4164 si
388 4100 458 4184 ipse
482 4099 524 4164 ob
548 4101 658 4164 oculos
677 4099 845 4165 habuisset
863 4111 892 4165 D
916 4104 948 4165 et
971 4101 1122 4165 dilectum
1147 4101 1208 4166 sibi
1223 4099 1403 4188 Groninga-

349 4327 374 4397 *)
398 4343 504 4398 pauca,
532 4345 604 4396 quae
627 4345 726 4383 manus
750 4329 839 4383 altera
863 4343 935 4384 saec.
957 4329 1035 4384 XVII
1060 4321 1117 4384 uel'
1130 4329 1222 4384 XVIII
1246 4331 1402 4402 adnotabit,

260 4433 372 4472 omnmo
390 4433 446 4470 non
465 4431 568 4470 curam.
