3046 5032
477 293 673 348 PROPERTII
692 295 759 350 LIB.
778 296 825 351 lv.
846 304 870 351 7.
890 303 914 351 8.

209 455 305 520 Nunc
327 457 359 518 te
383 456 572 538 possideant
595 458 692 522 aliae:
716 480 792 523 mox
816 459 885 523 sola
908 461 1036 526 tenebo:

253 561 380 626 Mecum
404 561 478 646 eris,
502 567 535 627 et
557 563 668 627 mixtis
693 565 820 629 ossibus
844 587 919 630 oasa
941 567 1066 632 teram?

161 667 299 733 95Haec
321 672 495 753 postquam
519 670 652 753 querula
674 691 800 734 mecum
823 671 883 735 sub
906 672 963 737 lite
986 673 1126 757 peregit,

251 775 342 839 Inter
365 777 550 860 complexus
574 777 691 840 excidit
714 777 829 842 umbra
851 801 949 843 meos.

205 1343 315 1426 Disce,
339 1343 415 1428 quid
437 1343 603 1430 Esquilias
628 1346 689 1408 hac
712 1349 807 1409 nocte
830 1346 953 1430 fugarit
977 1369 1128 1430 aquosae,

250 1449 331 1515 Cum
354 1450 462 1515 uicina
484 1451 579 1516 nouis
601 1451 698 1516 turba
722 1452 863 1516 cucurrit
885 1452 982 1536 agria.

205 1553 387 1620 Lanuuium
411 1557 526 1621 annosi
548 1561 642 1620 uetus
666 1559 716 1620 est
737 1556 853 1620 tutella
877 1557 1038 1641 draconis,

249 1661 312 1726 Hic
334 1659 481 1727 ubitam
505 1685 598 1727 rarae
622 1686 689 1728 non
713 1665 799 1746 perit
821 1665 902 1728 hora
925 1687 1049 1748 morae,

179 1769 276 1844 sidua
299 1791 389 1833 sacer
412 1770 572 1852 abripitur
595 1791 690 1834 caeco
714 1769 884 1834 descensus
908 1771 1015 1855 hiatu,

249 1876 320 1951 Qua
342 1879 492 1959 penetrat
515 1874 638 1962 (uirgo,
661 1877 727 1940 tale
750 1877 812 1940 iter
836 1899 932 1941 omne
955 1877 1051 1964 pauc)

203 1981 308 2047 Ieiuni
331 1983 490 2067 serpentis
514 1983 632 2066 honos,
656 2005 727 2047 cum
751 1984 871 2067 pabula
892 1985 1000 2066 poscit

248 2089 365 2153 Annua
388 2092 421 2153 et
443 2111 483 2153 ex
504 2089 571 2153 ima
594 2089 691 2154 sibila
714 2092 844 2175 torquet
866 2089 975 2154 humo.

204 2195 298 2259 Talia
321 2194 478 2261 demissae
501 2196 626 2279 pallent
648 2195 688 2260 ad
713 2217 805 2260 sacra
826 2195 967 2279 puellae,

160 2319 193 2366 10
250 2301 331 2366 Cum
355 2305 475 2366 temere
500 2303 642 2384 anguino
666 2302 808 2366 creditur
831 2324 886 2367 ore
910 2325 1034 2367 manus.

202 2407 262 2472 Ille
286 2408 349 2472 sibi
372 2407 519 2472 admotas
545 2431 563 2472 a
586 2408 713 2492 uirgine
737 2409 873 2492 corripit
895 2430 998 2473 escas:

226 2514 394 2599 sVirginis
417 2515 451 2578 in
474 2515 591 2598 palmis
614 2515 687 2598 ipsa
710 2515 851 2579 canistra
873 2518 1025 2580 tremunt.

202 2621 237 2686 Si
259 2621 381 2685 fuerint
404 2624 526 2706 castae,
548 2619 684 2685 redeunt
706 2621 740 2683 in
764 2621 847 2686 colla
868 2624 1053 2706 parentum,

246 2727 460 2812 clamantque
482 2727 645 2813 agricolae
669 2726 802 2791 ‘fertilis
825 2749 928 2791 annus
952 2727 1033 2794 erit'.

158 2852 191 2901 15
201 2835 273 2900 Huc
297 2857 369 2899 mea
392 2835 535 2900 detonsis
561 2837 675 2898 auecta
698 2837 748 2897 est
771 2831 911 2916 Cynthia
934 2835 1074 2899 mannis:

246 2940 354 3008 Oausa
375 2941 439 3006 fuit
461 2941 556 3019 Iuno,
581 2940 637 3012 sed
659 2960 754 3024 mage
778 2962 877 3004 eausa
899 2940 1018 3005 Venus.

183 3137 253 3190 Van.
273 3154 346 3190 incr.
393 3139 428 3187 93
447 3133 529 3186 Nunc
546 3138 568 3184 r
586 3149 619 3188 m.
639 3137 672 3201 2,
690 3137 714 3184 V
732 3147 815 3202 cora,
833 3136 869 3186 Νι
888 3132 985 3186 Neco
1013 3135 1023 3203 1
1049 3140 1084 3187 04
1102 3133 1193 3189 mistis
1210 3141 1232 3187 r
1250 3135 1259 3208 11

109 3231 144 3280 95
164 3223 258 3294 pergit
275 3228 299 3275 n

183 3331 255 3386 VIII.
292 3329 379 3384 Noua
401 3329 486 3396 alapia
504 3328 563 3381 siae
581 3328 661 3382 titulo
680 3329 712 3382 ia
730 3329 802 3398 0111
822 3327 898 3397 quod
915 3334 937 3380 r
954 3345 988 3382 m.
1007 3333 1034 3396 1,
1051 3331 1095 3396 111
1119 3329 1257 3398 exquiliae

108 3428 169 3475 N
198 3420 202 3490 Ι
227 3418 345 3490 agitarit
362 3417 511 3484 Heinsius3
531 3422 555 3470 ci
574 3423 642 3472 certe
659 3417 766 3487 fugarit
783 3423 934 3488 sumariam
965 3418 975 3486 1
1006 3423 1022 3470 2
1050 3417 1144 3489 nouis]
1163 3421 1258 3474 malim

109 3509 168 3565 suis
189 3511 199 3580 1
219 3517 235 3563 3
254 3506 411 3561 Lanuuium
430 3505 529 3560 annosi
546 3523 596 3560 om.
615 3511 649 3574 F,
669 3507 731 3560 add.
751 3523 785 3562 m.
805 3512 825 3561 2
845 3507 907 3575 (usp.
925 3524 960 3561 m.
979 3511 995 3560 1
1015 3524 1070 3561 non
1089 3507 1183 3575 potuit
1199 3509 1258 3578 legi

107 3599 139 3653 in
158 3596 311 3667 exemplari
329 3596 382 3651 hoc
402 3595 475 3664 quod
495 3594 599 3664 deficit)
623 3593 781 3649 Laminium
800 3603 835 3664 Ι),
849 3601 872 3648 V
890 3613 923 3650 m.
943 3601 959 3649 1
977 3597 981 3664 1
997 3594 1087 3649 tutela
1100 3601 1122 3647 F
1135 3600 1160 3647 11
1179 3597 1220 3665 (in
1233 3602 1256 3649 V

108 3689 198 3742 alteru
216 3686 226 3739 l
244 3686 411 3758 supportata)
426 3685 466 3752 114
484 3684 537 3738 Hic
556 3683 609 3738 tibi
627 3685 768 3739 tartareae
787 3699 804 3742 ς
822 3683 977 3739 Taenariae
993 3715 1025 3724 —-
1041 3701 1090 3739 ora
1108 3684 1255 3752 Heinsius3

108 3778 195 3834 altius
212 3777 303 3830 haeret
320 3774 424 3828 auleas
440 3775 444 3842 1
461 3790 510 3829 ora
527 3779 551 3826 V
568 3789 619 3842 mp.
635 3790 669 3828 m.
683 3778 703 3828 2
717 3774 727 3842 11
742 3777 757 3826 0
773 3773 866 3826 malim
880 3772 955 3826 lacer
972 3775 975 3840 1
991 3773 1157 3843 arripitur!
1173 3780 1177 3845 1
1195 3775 1257 3841 Qua

107 3865 190 3937 patet
207 3865 342 3932 abruptus
361 3863 494 3917 Heinsius
507 3865 547 3932 16
566 3863 626 3917 Hac
645 3862 799 3930 Heinsius!
821 3861 949 3931 penetral
968 3861 1092 3932 Scatipcr
1107 3867 1111 3930 1
1127 3865 1257 3918 nonnulli

107 3954 190 4024 uirgo
210 3970 270 4007 cam
288 3953 418 4022 penetrat
427 3953 547 4021 iuaqaai
563 3953 567 4020 1
583 3967 654 4020 pauc
668 3951 780 4019 scripsi:
801 3966 869 4004 caue
882 3956 937 4003 nn
947 3955 971 4002 V
985 3967 1052 4006 canc
1066 3957 1087 4003 1ἶ
1100 3953 1140 4021 117
1159 3952 1255 4006 lenum

107 4050 143 4114 F,
163 4059 231 4097 corr.
251 4058 302 4110 my.
321 4058 354 4095 m.
375 4046 394 4096 2
415 4043 425 4109 11
445 4047 461 4094 8
480 4041 581 4094 Annua
598 4057 632 4094 aa
650 4040 752 4094 Anima
770 4056 838 4094 corr.
857 4044 878 4090 F
895 4041 899 4107 1
915 4039 973 4092 ima
992 4054 1020 4096 s:
1039 4056 1095 4092 una
1114 4045 1132 4092 0
1149 4042 1153 4108 1
1169 4040 1256 4094 fibula

107 4139 129 4185 r
161 4133 171 4202 11
204 4136 237 4184 10
256 4133 360 4185 temere
380 4134 413 4183 0:
432 4131 549 4184 tremere
568 4135 593 4184 ct
610 4130 742 4186 teneras
773 4131 783 4197 11
816 4134 847 4181 11
868 4127 1023 4196 corripitv
1040 4133 1254 4196 mq.m.2‚1l:

108 4218 219 4290 colligit
237 4221 328 4287 01113
348 4217 377 4272 Si
395 4219 500 4273 fuerint
518 4223 676 4286 corruptam
696 4217 707 4287 11
729 4223 761 4270 14
781 4217 911 4270 Clamant
929 4231 946 4273 ς
965 4214 1110 4270 Clamaute
1129 4216 1255 4286 agricola

106 4309 302 4364 Brouthusius
319 4309 376 4378 1110
396 4308 515 4363 aduecta
533 4313 558 4362 ct
576 4310 674 4362 euecta
688 4321 706 4363 ς
721 4309 725 4374 1
741 4305 850 4360 mannis
867 4305 1034 4358 Beroaldus:
1054 4304 1090 4358 ab
1108 4305 1188 4359 annis
1208 4310 1227 4357 0
1245 4306 1255 4378 11

109 4407 144 4455 16
162 4399 229 4454 uino
247 4403 271 4450 n
