3052 5044
269 285 311 348 58
634 285 829 372 enocham
848 286 915 342 uus.
935 285 969 340 11.
990 291 1030 340 13.

317 461 321 468 '
358 447 451 512 Desit
474 448 641 513 odoriferis
666 449 746 513 ordo
769 449 848 512 mihi
871 449 1034 529 lancibus,
1057 449 1165 512 adsint

402 554 512 619 Plebei
535 577 656 639 paruae
679 556 802 619 funeris
822 555 988 639 exequiae:

313 677 347 726 25
359 659 416 726 Sat
438 685 511 728 mea
534 663 580 728 sic
602 665 768 748 magnast,
792 663 819 726 si
842 666 907 727 tres
931 663 1011 745 sint,
1034 685 1167 746 pompa,
1190 662 1314 746 libelli,

403 768 492 845 Quos
516 791 576 855 ego
600 769 825 853 Persephonae
849 769 989 834 maxima
1013 770 1098 834 dona
1120 770 1232 833 feram.

359 875 408 940 Tu
432 899 508 942 uero
532 877 653 941 nudum
676 881 787 961 pectus
811 878 953 940 lacerata
977 877 1132 960 sequeris,

402 982 470 1048 Neo
493 984 592 1048 fueris
615 1006 734 1049 nomen
756 985 842 1048 lassa
864 1005 980 1048 uocare
1002 1005 1123 1066 meum,

358 1088 538 1174 Osculaque
561 1091 597 1154 in
620 1091 735 1176 gelidis
759 1113 861 1173 pones
886 1112 1036 1174 suprema
1057 1088 1200 1172 labellis,

314 1212 348 1261 30
403 1196 484 1261 Oum
509 1197 639 1262 dabitur
663 1190 757 1282 Sy'rio
782 1220 914 1262 munere
938 1198 1051 1283 plenus
1076 1219 1169 1279 onyx.

358 1301 494 1388 Deinde,
518 1307 573 1371 ubi
598 1305 784 1388 subpositus
808 1305 948 1370 cinerem
971 1326 1023 1368 me
1046 1303 1158 1368 fecerit
1181 1302 1293 1381 ardor,

401 1410 551 1495 Accipiat
573 1412 687 1477 Manes
710 1414 847 1497 paruula
869 1416 955 1477 testa
978 1434 1081 1495 meos,

356 1516 400 1582 Et
425 1518 468 1582 sit
490 1519 523 1583 in
547 1521 663 1605 exiguo
686 1520 796 1584 laurus
821 1542 917 1603 super
941 1519 1050 1583 addita
1072 1518 1184 1599 bust0,

401 1625 490 1700 Quae
513 1629 607 1710 tegat
629 1625 763 1692 extincti
785 1626 907 1690 funeris
931 1626 1048 1690 umbra
1064 1624 1186 1688 locum.

226 1750 244 1772 ·
311 1731 398 1795 35Et
421 1731 483 1796 duc
509 1733 575 1797 sint
598 1754 727 1796 uersus:
752 1731 818 1815 ‘qui
842 1755 927 1796 nuno
950 1733 1035 1797 iacet
1056 1727 1190 1794 horrida
1212 1730 1339 1813 puluis,

400 1837 505 1902 Unius
529 1839 581 1904 hic
605 1839 768 1925 quondam
792 1863 904 1904 seruus
928 1840 1059 1904 Amoris
1083 1836 1172 1902 erat?

358 1943 427 2010 Nec
450 1946 555 2009 minus
579 1945 659 2010 haec
681 1947 785 2011 nostri
808 1950 956 2011 notescet
977 1946 1065 2010 fama
1088 1945 1240 2029 sepulcri,

401 2052 504 2129 Quam
527 2054 655 2119 fuerant
676 2053 790 2119 Phthii
813 2055 910 2119 busta
933 2057 1066 2118 cruenta
1088 2051 1160 2116 uiri.

356 2159 405 2224 Tu
430 2183 557 2246 quoque
581 2161 609 2224 si
633 2159 760 2244 quando
784 2160 894 2224 uenies
919 2159 958 2223 ad
983 2159 1066 2244 fata,
1089 2162 1265 2243 memento,

311 2280 345 2330 40
400 2265 473 2332 Huc
497 2289 573 2331 cura
596 2266 637 2330 ad
660 2266 797 2349 lapides,
821 2288 910 2350 cara,
934 2264 1009 2329 uehi
1033 2286 1199 2329 memores.

356 2372 483 2438 interea
507 2395 584 2438 caue
609 2374 653 2438 sis
677 2395 736 2438 nos
761 2378 935 2456 aspernata
958 2373 1116 2457 sepultos:

289 2525 290 2528 =
400 2479 476 2545 Non
499 2481 582 2544 nihil
606 2480 646 2544 ad
668 2502 781 2544 uerum
804 2480 934 2544 conscia
956 2484 1042 2544 terra
1065 2480 1159 2563 sapit.

357 2588 463 2671 Atque
487 2588 611 2653 utinam
634 2588 746 2671 primis
771 2588 913 2652 animam
937 2609 988 2651 me
1012 2608 1131 2670 ponere
1154 2587 1245 2650 cunis

268 2705 480 2713 ——-——

338 2744 417 2798 Tusa.
457 2752 498 2816 13,
518 2751 560 2800 35.
598 2743 775 2800 Charisius
794 2763 820 2814 p.
841 2751 883 2812 89,
903 2751 936 2799 22
952 2745 999 2800 K:
1021 2743 1124 2813 ‘puluis
1143 2745 1290 2800 masculini
1303 2747 1421 2816 generis

267 2834 318 2901 cst,
333 2835 461 2901 quamuis
470 2835 631 2906 Propertius
647 2834 760 2888 dixerit:
775 2835 824 2903 qui
834 2865 868 2873 —
878 2833 992 2902 puluis’.
1008 2833 1043 2888 cl.
1059 2836 1088 2888 et
1102 2835 1198 2888 auctor
1212 2834 1246 2889 de
1257 2836 1322 2891 dub.
1341 2855 1420 2892 nom.

267 2919 397 2990 [gramm.
416 2923 466 2978 lat.
485 2926 510 2980 V
530 2930 589 2993 588,
610 2927 644 2994 5.]

339 3048 407 3101 Vsa.
427 3067 502 3102 unos.
540 3055 573 3102 23
593 3047 671 3102 Dixit
688 3055 722 3115 F,
742 3065 810 3104 corr,
831 3065 882 3116 nep.
901 3065 935 3102 m.
955 3054 974 3104 2
996 3050 999 3116 Ι
1023 3047 1157 3102 adonin
1183 3049 1188 3116 Ι
1211 3048 1292 3119 ordo]
1312 3050 1419 3104 nardus

267 3137 336 3193 coni.
357 3137 523 3192 Fonteinius
540 3141 543 3206 Ι
560 3137 686 3191 lancibus
705 3143 726 3189 V
742 3139 746 3205 Ι
763 3139 794 3190 at
812 3136 868 3191 sint
887 3137 956 3192 coni.
972 3137 1105 3192 Heinsius
1119 3139 1128 3206 Ι
1142 3143 1176 3190 24
1196 3137 1347 3206 obsequiae
1360 3146 1383 3192 Ε
1395 3145 1420 3192 ll

267 3225 309 3292 (in
326 3227 376 3280 boc
394 3244 428 3279 rn.
447 3232 462 3280 1
483 3229 563 3295 corr.)
590 3228 600 3295 Ι
627 3232 660 3280 25
690 3226 740 3280 Sat
758 3243 822 3280 mea
841 3226 881 3280 sic
899 3227 1010 3294 scripsi:
1036 3227 1086 3281 Sat
1105 3243 1168 3280 mea
1187 3227 1224 3280 rit
1242 3232 1261 3279 0
1282 3229 1333 3282 Sat
1350 3247 1418 3284 mea

268 3315 313 3369 sat
327 3330 344 3372 ς
359 3316 364 3386 Ι
381 3318 512 3384 magnast
525 3315 549 3370 si
563 3333 620 3385 epo:
641 3332 743 3384 magna
758 3314 781 3368 si
797 3320 815 3367 0
836 3333 938 3384 magna
952 3317 995 3368 est
1009 3315 1033 3368 si
1048 3330 1078 3379 s;
1097 3333 1135 3368 un
1153 3319 1296 3384 magnast,
1314 3319 1373 3372 tres
1394 3320 1418 3373 si

266 3404 351 3458 sint?
379 3406 389 3474 Ι
415 3410 449 3458 27
469 3405 540 3458 Tum
559 3409 618 3456 nV
649 3404 654 3472 Ι
678 3403 784 3457 nudum
804 3405 859 3470 (a
877 3420 910 3457 rn.
930 3403 1026 3471 2?)1l
1062 3406 1071 3471 Ι
1103 3407 1137 3456 28
1156 3405 1250 3457 malim
1268 3405 1317 3458 fies
1344 3407 1354 3475 Ι
1382 3414 1417 3461 29

267 3492 369 3548 Oscula
387 3510 441 3561 que
459 3500 480 3546 V
498 3512 532 3549 m.
551 3500 567 3547 1
587 3499 612 3547 et
630 3493 724 3560 (quae)
743 3497 766 3542 n
783 3494 786 3557 Ι
803 3508 953 3559 supprema
971 3498 1007 3560 D,
1020 3495 1043 3541 V
1061 3509 1095 3544 rn.
1115 3497 1130 3544 1
1157 3492 1161 3558 Ι
1184 3490 1240 3547 lab.
1260 3509 1293 3546 en
1311 3493 1419 3549 libellis

265 3598 333 3637 corr.
353 3588 377 3634 u
395 3599 429 3636 rn.
449 3588 464 3635 1
484 3584 494 3650 Ι
512 3587 546 3635 30
570 3581 636 3636 sirio
654 3586 675 3632 r
692 3583 695 3648 Ι
712 3579 777 3634 onix
797 3585 815 3631 0
835 3579 911 3648 (ouix
929 3585 950 3631 r
968 3597 1002 3634 rn.
1022 3583 1049 3649 1)
1063 3582 1074 3649 Ι
1087 3586 1119 3633 31
1140 3580 1189 3634 ubi
1208 3597 1258 3636 orn.
1277 3589 1298 3635 V
1317 3601 1351 3636 in.
1371 3590 1388 3637 1
1412 3584 1416 3654 Ι

266 3670 345 3738 subp,
364 3675 400 3724 R:
420 3689 499 3739 supp.
520 3671 562 3740 οΙ
577 3677 609 3724 32
629 3672 707 3724 lecta
724 3675 744 3721 F
759 3687 792 3723 m.
808 3675 823 3722 1
839 3672 897 3738 1134
916 3668 1054 3738 tetegitll
1072 3687 1106 3725 m.
1121 3675 1137 3723 1
1155 3672 1159 3738 Ι
1175 3671 1278 3725 connci
1291 3671 1417 3726 funebris

265 3758 364 3811 umbra
382 3760 391 3827 Ι
410 3764 443 3812 35
462 3759 575 3813 horrida
594 3764 613 3811 0
634 3758 789 3814 Charisius:
809 3758 889 3812 arida
908 3758 981 3812 Itali
1003 3760 1012 3826 Ι
1036 3765 1069 3812 36
1094 3758 1171 3812 Unus
1188 3764 1212 3810 u
1235 3757 1237 3828 Ι
1259 3760 1417 3832 quondam]

264 3845 331 3918 ᾷῈΙΙ
345 3853 379 3900 37
398 3847 458 3900 Nec
476 3852 548 3899 HV:
567 3848 631 3901 Non
648 3855 669 3900 0
685 3852 708 3899 V
729 3850 739 3917 Ι
762 3853 795 3901 38
814 3847 934 3914 fucrant]
954 3852 1062 3914 expecto
1081 3847 1199 3912 clarent;
1220 3849 1272 3902 alii
1289 3849 1391 3904 florent
1412 3850 1415 3917 Ι

264 3935 367 4006 phtbyi
388 3940 411 3986 V
438 3934 491 3988 litii
513 3940 534 3986 V
558 3935 651 4003 (phitii
674 3953 725 4006 usp.
749 3954 782 3992 ue.
802 3939 832 4004 2)
857 3935 990 4005 pythiis
1012 3939 1017 4004 Ι
1039 3936 1132 4006 busta]
1155 3935 1324 3992 famarm.
1344 3944 1369 4005 1,
1393 3944 1417 3991 V

264 4043 316 4096 rap.
327 4044 361 4080 ne.
373 4033 392 4083 2
403 4026 411 4097 ΙΙ
421 4031 456 4080 40
467 4024 528 4078 Huc
539 4041 604 4080 cura
615 4026 726 4094 scripsi:
737 4026 797 4079 Hoc
807 4024 861 4080 iter
876 4029 894 4076 0
905 4023 949 4091 (Η’
959 4049 993 4070 =
1003 4024 1081 4078 Hace
1090 4026 1122 4092 1¹)
1141 4025 1201 4080 Hoc
1212 4025 1280 4080 itere
1291 4026 1418 4096 Scaliper

266 4114 326 4169 Huc
355 4114 433 4182 ferri,
452 4131 495 4168 -ac
519 4113 538 4167 l.
564 4131 586 4168 c.
617 4113 709 4167 subire
734 4131 811 4168 meos
830 4113 965 4168 Heinsius
986 4113 1081 4170 Ociter
1099 4115 1246 4170 Jacobsins
1271 4115 1331 4170 Hoc
1359 4116 1417 4170 ritu

273 4203 529 4274 Wnardenbnrpius
554 4203 559 4273 Ι
584 4219 650 4257 cara
667 4202 813 4257 Heinsius:
834 4220 904 4257 cana
923 4208 941 4255 0
959 4205 963 4272 Ι
980 4205 1045 4258 uehi
1064 4220 1201 4260 memores
1218 4205 1331 4272 seipsi:
1351 4205 1417 4260 ueni

267 4307 404 4346 memores
424 4297 443 4343 0
462 4292 557 4346 uenire
577 4309 653 4346 meos
673 4291 796 4360 Scaliper
814 4290 928 4360 (redire,
948 4290 1040 4346 subire
1059 4293 1120 4360 alii)
1141 4293 1151 4362 Ι
1173 4299 1207 4346 43
1227 4291 1317 4363 cunis]
1338 4293 1417 4350 cauis

268 4401 302 4466 V,
322 4413 390 4452 corr.
409 4413 461 4466 rny.
480 4415 514 4450 nr.
534 4402 567 4463 2;
587 4376 661 4464 coiis
680 4400 774 4468 101144
793 4397 921 4466 quamuis
940 4402 974 4467 V,
993 4414 1061 4452 corr.
1081 4416 1132 4469 rap.
1152 4416 1186 4453 n.
1206 4405 1225 4454 2
