3004 5068
305 315 394 371 XLVI
737 316 1024 374 Pucnneonuns.

438 478 612 545 Peccaram
636 480 735 545 semel
758 483 791 545 et
812 484 919 546 totum
942 503 1013 546 sum
1036 480 1150 566 pulsus
1174 480 1210 544 in
1234 503 1360 546 annum.

305 607 344 648 ex
373 608 436 671 quo
466 586 606 650 carmine
635 607 702 652 non
729 587 838 672 inepte
867 588 1051 672 concludes,
1080 587 1216 653 candem
1244 588 1285 652 ob
1318 609 1437 653 causan

305 714 402 775 quam
426 695 496 756 tum
521 692 614 758 anxie
637 694 765 760 uitabat
789 695 867 760 olim
891 717 963 761 eum
991 695 1131 760 feminae
1155 694 1327 761 iracundae
1349 693 1438 758 bilem

305 799 458 863 mouisse:
483 800 606 865 scilicet
629 803 781 869 uocatum
805 825 824 866 a
848 800 989 887 Cynthia
1012 824 1083 868 sero
1109 803 1238 867 demum
1262 803 1388 867 uenisse
1405 800 1438 865 ad

305 905 442 969 amicam
470 906 593 972 frustra
624 911 858 994 expectantem.
894 931 977 994 quae
1001 931 1052 974 res
1076 912 1226 974 narratur
1250 909 1285 974 in
1307 907 1438 974 carmine

303 1011 319 1076 Ι
343 1013 377 1097 33
406 1012 605 1100 eandemque
628 1014 724 1099 paulo
754 1015 849 1080 aliter
873 1015 1069 1100 descriptam
1100 1011 1269 1101 (nimirum
1293 1017 1361 1081 eius
1383 1036 1439 1078 me·

303 1120 407 1185 moria
434 1143 501 1186 non
528 1122 576 1186 ita
605 1125 693 1186 carta
720 1125 803 1206 erat,
831 1121 1006 1208 debuitque
1033 1122 1092 1186 illa
1113 1126 1184 1187 tum
1213 1122 1439 1207 aliquantulum

304 1226 469 1314 exornari)
493 1232 610 1312 postea
633 1233 761 1294 amator
784 1229 1010 1296 reconciliatus
1029 1232 1151 1295 tractat
1173 1229 1207 1293 in
1231 1229 1336 1315 elegia
1353 1228 1385 1293 Il
1404 1228 1438 1291 29

304 1355 374 1399 sese
414 1335 650 1420 quodammodo
689 1338 908 1402 excusaturus.
953 1359 1057 1422 neque
1093 1340 1205 1401 tamen
1241 1336 1323 1400 haec
1353 1334 1440 1398 unica

303 1440 429 1506 discidii
452 1464 564 1526 causa3
587 1442 688 1508 immo
713 1443 778 1508 alia
800 1443 896 1509 nobis
914 1443 1116 1528 incomperta
1139 1441 1224 1528 (01.1
1242 1441 1292 1526 11),
1307 1441 1349 1506 25
1364 1437 1439 1524 sqq.)

303 1548 455 1612 uidentur
478 1549 660 1614 accessisse.
692 1549 824 1633 reliquit
848 1547 956 1615 autem
980 1554 1160 1616 amatorem
1184 1547 1327 1634 Cynthia
1349 1549 1437 1613 Baias

302 1655 520 1740 proficiscens.
549 1656 639 1722 cuius
656 1657 800 1722 animum
820 1657 1041 1725 abalienatum
1060 1658 1155 1723 initio
1170 1656 1305 1722 Sextum
1320 1655 1438 1722 credere

302 1761 447 1828 noluisse
480 1763 552 1828 ideo
585 1763 757 1846 probabile
790 1766 840 1829 est
872 1765 958 1849 quod
992 1765 1097 1850 elegia
1125 1765 1141 1830 Ι
1168 1767 1206 1829 11
1236 1763 1380 1848 puellam
1410 1764 1440 1825 ut

303 1893 401 1954 quam
425 1869 566 1954 primum
589 1869 687 1935 Baias
711 1871 873 1936 desereret
900 1872 1038 1956 rogauit.
1080 1894 1155 1936 mox
1177 1875 1287 1936 tamen
1311 1869 1349 1934 de
1371 1889 1440 1934 uera

302 1977 389 2042 illius
416 1977 451 2041 in
481 1999 515 2040 se
542 1978 711 2042 uoluntate
738 1978 856 2044 certior
883 1978 990 2044 factus
1016 2001 1053 2057 sc
1083 1978 1272 2044 derelictum
1306 1976 1440 2062 queritur

303 2081 396 2169 (01.1
423 2083 477 2168 12,
510 2083 600 2149 01110
633 2085 784 2149 carminis
818 2085 959 2149 maxime
992 2108 1022 2150 u.
1048 2086 1086 2148 11
1117 2082 1239 2149 ‘mutat
1270 2084 1325 2149 uia
1351 2085 1440 2166 longa

300 2188 441 2273 puellas’
466 2193 516 2256 est
538 2190 772 2275 respiciendus,
800 2196 833 2257 et
854 2191 871 2256 I
897 2192 952 2278 13,
975 2189 1010 2278 2)
1033 2213 1208 2276 porroque,
1236 2191 1292 2256 ubi
1319 2212 1377 2256 nec
1399 2210 1439 2252 re-

302 2320 416 2364 uersae
439 2298 577 2364 Romam
602 2295 760 2383 Cynthiae
785 2298 938 2363 duritiem
960 2298 1111 2383 frangere
1134 2298 1256 2383 potuit,
1279 2299 1392 2362 urbem
1413 2297 1440 2358 01

301 2407 371 2490 ipse
399 2411 544 2490 tempore
573 2408 610 2469 ut
647 2406 828 2472 coniectare
856 2405 933 2470 licet
968 2406 1149 2471 autumnali
1181 2406 1313 2492 reliquit
1342 2401 1440 2469 nescio
1489 2367 1491 2486 1

242 2599 245 2608 ,
303 2535 366 2598 quo
386 2517 546 2578 terrarum
565 2513 838 2599 peregrinaturus.
869 2512 980 2598 iniqua
999 2516 1108 2578 autem
1127 2513 1270 2597 procella
1288 2513 1324 2578 in
1343 2511 1439 2576 medio

300 2621 416 2685 itincre
440 2620 616 2706 deprensus
636 2621 732 2707 inque
751 2621 917 2706 regionem
935 2619 1039 2684 nobis¹
1054 2620 1203 2705 ignotam
1228 2619 1355 2685 delatus
1379 2615 1439 2706 (ubi

301 2731 450 2824 utcerte
466 2749 596 2792 carmen
618 2726 635 2791 I
658 2729 707 2810 11,
731 2727 780 2792 110
801 2726 941 2793 fortasse
959 2727 976 2792 I
999 2727 1038 2791 18
1054 2730 1087 2790 et
1103 2727 1154 2810 19,
1177 2726 1267 2791 01110
1291 2726 1332 2792 01.
1351 2749 1379 2791 u.
1393 2725 1439 2802 20,

302 2839 378 2898 sunt
401 2835 552 2918 scripta),
575 2837 612 2899 ut
634 2834 774 2917 primum
797 2835 906 2919 licuit,
929 2834 1069 2919 patriam
1093 2834 1221 2917 repet't.
1262 2855 1326 2918 quo
1350 2833 1439 2897 infor·
1491 2839 1492 2850 ¹

301 2941 394 3006 tunic
415 2945 612 3006 commotum
631 2941 672 3005 iri
687 2939 849 3024 Cynthiae
868 2942 1013 3006 animum
1032 2940 1154 3005 frustra
1177 2940 1336 3024 sperauit:
1359 2940 1440 3004 lenta

253 3036 255 3041 ’
303 3047 360 3111 1111
383 3047 573 3133 inmotaque
602 3051 725 3130 manet3
749 3047 788 3114 cf.
803 3048 907 3132 elegia
925 3048 942 3112 I
962 3048 1011 3133 15,
1035 3048 1126 3112 cuius
1144 3047 1219 3112 finis
1239 3070 1302 3132 quo
1323 3050 1440 3132 spectet

302 3153 441 3238 quidque
465 3153 528 3217 sibi
556 3155 637 3219 uelit
664 3154 839 3219 diiudicare
863 3176 948 3219 nunc
977 3176 1044 3218 non
1066 3176 1254 3240 possumus,
1277 3155 1340 3221 nisi
1363 3152 1439 3240 quod

300 3259 468 3325 molliendi
501 3261 638 3327 amicam
673 3249 843 3326 consilium
877 3282 954 3326 sane
988 3265 1130 3346 apparet.
1177 3284 1241 3346 qua
1270 3285 1326 3348 spe
1360 3260 1440 3327 omni

300 3367 442 3433 deiectus
462 3365 650 3452 Propertius
675 3368 807 3432 tandem
832 3389 865 3433 se
889 3367 1024 3433 tradidit
1042 3368 1262 3452 desperationi
1285 3369 1343 3455 illi,
1366 3387 1439 3454 quac

301 3474 487 3561 depingitur
510 3476 616 3561 elegia
638 3475 655 3540 I
677 3476 703 3540 1.
717 3513 762 3522 -
784 3476 833 3540 ita
856 3478 965 3541 autem
988 3479 1025 3540 11
1044 3474 1082 3540 de
1106 3476 1226 3540 amoris
1240 3472 1438 3560 Propertiani

300 3583 396 3648 initio
419 3581 567 3667 iudicem,
590 3605 668 3669 prae
692 3585 808 3648 ceteris
832 3585 894 3650 hac
918 3582 1059 3648 adducor
1082 3604 1189 3648 causa.
1230 3604 1306 3648 nam
1331 3583 1358 3648 si
1381 3583 1438 3646 iam

299 3689 464 3754 nonnullis
484 3694 559 3756 ante
574 3690 743 3755 discidium
764 3690 844 3755 illud
864 3691 957 3756 annis
976 3693 1107 3774 poetam
1123 3686 1300 3773 Cynthium
1320 3707 1439 3754 amasse

301 3798 458 3862 sumimus
481 3795 727 3862 Lachmannuru
751 3798 895 3884 aliosque
920 3798 1035 3882 secuti,
1063 3796 1098 3861 id
1121 3800 1209 3860 caret
1232 3797 1439 3880 explicatione

301 3903 385 3988 quod
412 3902 479 3968 fere
507 3904 631 3968 nullum
660 3904 736 3969 libri
764 3905 861 3988 primi
889 3925 1019 3970 carmen
1042 3925 1159 3989 pamm
1187 3903 1267 3967 illud
1290 3901 1439 3970 amatoris

300 4011 405 4076 felicis
429 4009 582 4096 gaudium
605 4033 683 4096 prae
707 4033 740 4076 se
764 4012 838 4077 1011.
869 4035 929 4078 100
952 4011 1094 4076 dubitari
1117 4013 1228 4095 potest
1246 4012 1323 4094 quin
1342 4011 1438 4076 multo

300 4119 456 4184 maiorem
478 4121 664 4203 poematum
694 4119 820 4204 copiam
843 4119 1002 4204 longioris
1026 4118 1182 4203 temporis
1207 4139 1280 4182 cum
1304 4117 1439 4203 Cynthia

300 4227 548 4291 contubernium
581 4225 678 4292 Sexto
712 4225 995 4310 suppeditaturum
1026 4224 1132 4289 fuerit.
1173 4246 1260 4289 nunc
1290 4225 1439 4310 opuscula

299 4356 365 4400 non
401 4333 450 4399 ita
481 4335 594 4401 crebra
627 4333 668 4399 ad
701 4355 773 4398 eam
809 4333 1008 4418 pertinentia
1040 4333 1182 4416 produnt
1213 4331 1378 4397 hominem
1407 4330 1437 4394 in

301 4461 410 4505 amore
437 4462 502 4505 non
533 4443 699 4524 potentem
728 4442 877 4527 maloque
907 4441 974 4506 sato
1003 4461 1106 4504 usum.
1134 4477 1171 4487 -
1197 4461 1272 4503 uere
1300 4437 1435 4503 111121
