3004 5068
265 307 313 362 XL
698 307 982 364 PROLEGOMENA.

265 474 312 537 ita
340 475 447 538 autem
476 472 543 536 illis
572 495 642 536 sum
670 495 747 536 usus
776 476 813 537 ut
839 473 995 558 neglectis
1023 477 1119 558 atque
1148 472 1281 538 abiectis
1317 471 1421 536 falsis

266 581 440 666 prauisque
464 580 655 645 commentis
681 580 878 664 adponerem
896 580 931 644 in
948 581 1035 646 notis
1054 581 1175 646 criticis
1194 600 1423 666 quaecumque

267 689 350 752 bene
374 687 557 772 excogitata
580 691 638 752 aut
661 691 746 752 certe
769 687 934 752 mentione
957 687 1057 773 digna
1080 691 1198 752 essent

356 794 427 858 Iam
455 798 492 858 ut
520 793 558 858 de
588 794 669 858 meis
700 793 816 858 studiis
843 815 946 878 pauca
974 794 1126 878 adiciam,
1153 794 1325 860 duodecim
1352 793 1425 857 fere

269 902 344 968 anni
365 905 450 986 sunt,
472 923 511 965 ex
534 923 597 985 quo
622 923 695 966 cum
721 901 783 966 hoc
805 905 903 985 poeta
925 901 1053 966 firmam
1076 902 1222 966 contraxi
1244 901 1425 966 familiari-

268 1013 379 1074 tatem.
417 1009 507 1074 cuius
534 1009 657 1074 fructus
685 1009 834 1073 nonnulli
861 1031 934 1074 cum
960 1009 1026 1074 iam
1054 1032 1081 1074 a.
1099 1009 1184 1074 1870
1207 1009 1241 1073 in
1264 1007 1424 1073 Muelleri

270 1116 410 1182 editione
433 1116 625 1201 prodierint,
652 1117 748 1202 longe
775 1117 885 1201 plures
913 1117 1141 1200 uberioresque
1164 1116 1303 1181 maxime
1331 1116 1426 1180 intra

270 1247 297 1288 a.
324 1223 498 1289 1873-76
527 1225 679 1289 collectos
710 1221 835 1308 (paucis
866 1247 948 1309 quae
979 1225 1149 1290 meliorum
1176 1224 1339 1288 librorum
1366 1244 1423 1287 no-

269 1330 344 1395 titia
372 1335 487 1414 postea
514 1330 735 1415 suppeditauit
763 1329 910 1417 adiectis)
933 1332 1002 1416 ipse
1026 1331 1110 1396 edidi
1132 1330 1426 1396 Miscellaneorum

270 1436 463 1503 Oriticorum
492 1436 691 1524 (Groningae
718 1436 816 1522 1878)
839 1461 892 1522 pp.
911 1438 1081 1503 73-106.
1125 1460 1245 1502 nouam
1279 1437 1425 1520 denique

270 1548 412 1632 segetem
436 1567 534 1630 opera
552 1545 603 1609 his
626 1545 750 1610 ultimis
775 1546 870 1611 annis
893 1546 928 1610 in
951 1545 1119 1630 Propertio
1142 1545 1251 1630 posita
1269 1543 1426 1628 protulit,

270 1676 343 1719 eum
369 1652 561 1737 praesertim
584 1651 721 1716 feliciter
749 1652 830 1716 mihi
859 1653 985 1717 cederet
1013 1675 1051 1716 ea
1077 1675 1144 1737 res,
1171 1653 1206 1716 in
1235 1674 1335 1735 quam
1367 1649 1425 1714 ubi

271 1761 415 1826 omnium
438 1760 578 1824 maxime
601 1760 818 1824 necessariam
841 1781 911 1824 esse
933 1760 1079 1825 intellexi
1103 1781 1228 1824 summo
1252 1781 1357 1842 opere
1378 1758 1425 1822 in-

270 1867 381 1950 cubui,
419 1866 542 1931 scilieet
574 1866 785 1951 inuestigatio
815 1866 961 1932 ecdicum
993 1867 1162 1932 bonorum.
1203 1866 1323 1950 quibus
1356 1868 1424 1928 stu-

272 1974 333 2038 diis
353 1975 381 2038 si
409 1972 540 2037 arbitris
568 1972 833 2058 intellegentibus
861 1973 1036 2057 aequisque
1058 1973 1091 2037 id
1117 1973 1261 2037 effecisse
1285 1972 1426 2037 uidebor

271 2083 308 2144 ut
331 2079 453 2146 solidus
477 2083 654 2165 apparatus
678 2080 807 2145 criticus
831 2103 916 2145 nunc
933 2081 1063 2145 tandem
1088 2081 1182 2165 adsit,
1204 2083 1241 2144 ut
1263 2078 1424 2144 adhibitis

271 2187 446 2272 prudenter
473 2188 619 2272 priorum
646 2187 747 2271 copiis
775 2210 910 2272 meaque
936 2188 1038 2272 ipsius
1067 2209 1166 2271 opera
1192 2190 1319 2252 textum
1346 2185 1423 2249 Pro-

271 2295 366 2380 pertii
396 2296 423 2360 si
450 2317 518 2360 non
546 2295 720 2380 genuinum
753 2295 872 2380 ubique
906 2293 983 2380 (hoc
1009 2295 1095 2358 enim
1125 2295 1166 2358 ab
1194 2317 1259 2358 uno
1286 2293 1424 2358 homine

271 2401 421 2487 flagitare
448 2402 604 2466 iniustum
633 2405 683 2466 est
709 2424 885 2486 uereorque
916 2405 953 2466 ut
980 2402 1047 2467 ulla
1074 2424 1229 2486 umquam
1258 2403 1351 2465 aetas
1382 2399 1424 2463 sit

271 2506 398 2595 uisura)
427 2511 461 2573 at
488 2530 556 2573 non
587 2508 755 2594 indignum
783 2512 882 2592 poeta
913 2509 1109 2573 restituerim
1141 2506 1424 2573 restituendumue

272 2615 307 2678 in
333 2615 421 2680 notis
448 2615 686 2701 proposuerim,
714 2615 894 2699 praemium
925 2616 1075 2681 laborum
1105 2618 1156 2680 sat
1188 2614 1333 2698 amplum
1363 2615 1423 2676 ret·

272 2722 387 2786 tulero.

739 2867 952 2876 —.—---—-

364 3078 571 3144 Mirabuntur
594 3080 698 3163 multi,
721 3080 755 3144 in
773 3079 835 3144 hac
854 3079 995 3145 editione
1014 3079 1175 3164 Propertii
1193 3080 1339 3144 carmina
1359 3099 1422 3144 non

276 3207 312 3250 eo
340 3185 497 3251 librorum
524 3207 657 3251 numero
693 3187 849 3271 discripta
882 3187 1040 3270 exhiberi,
1073 3187 1127 3270 qui
1160 3187 1233 3250 inde
1266 3209 1285 3250 a
1318 3185 1421 3251 Lach-

275 3315 394 3358 manno
418 3291 570 3376 optinuit.
608 3297 641 3358 et
663 3293 779 3358 debere
803 3316 854 3358 me
878 3293 982 3358 sentio
1001 3294 1126 3358 nomini
1145 3293 1421 3374 Lachmanniano,

277 3404 314 3465 ut
337 3399 453 3484 quibus
474 3399 580 3464 causis
601 3401 642 3465 ab
662 3400 731 3464 eius
750 3400 879 3484 placitis
898 3400 1085 3465 recesserim
1104 3401 1261 3485 explicem
1279 3401 1420 3465 uberius.

365 3505 448 3572 Oum
474 3507 509 3570 in
535 3506 611 3572 libri
638 3505 671 3570 ΙΙ
694 3506 798 3590 elegia
825 3507 864 3571 13
888 3505 968 3571 haec
991 3529 1043 3571 uu.
1067 3507 1111 3572 25
1134 3511 1167 3572 et
1190 3507 1234 3571 26
1257 3508 1419 3592 legantur:

387 3647 447 3714 Sat
468 3669 540 3714 mea
564 3650 609 3714 sic
632 3653 791 3734 magnast,
815 3651 843 3714 si
865 3652 932 3714 tres
953 3651 1029 3732 sint,
1051 3672 1180 3736 pompa,
1202 3650 1314 3734 libelli,

438 3753 526 3831 Quos
549 3775 610 3840 ego
634 3755 859 3841 Persephonae
882 3758 1024 3821 maxima
1047 3757 1131 3822 dona
1153 3757 1266 3841 feram,

278 3897 396 3984 spretis
430 3899 522 3963 uanis
556 3899 770 3984 interpretum
800 3900 835 3964 in
867 3921 945 3965 uoce
976 3898 1110 3964 ‘libelli’
1144 3901 1334 3966 commentis
1367 3900 1418 3964 ille

277 4005 478 4072 rectissimae
498 4003 656 4091 Scaligeri
675 4007 895 4072 obseruationi
915 4005 1048 4092 (neseio
1068 4007 1229 4091 quomodo
1247 4007 1337 4073 iubet
1355 4011 1419 4072 tres

277 4113 407 4180 libellos
436 4113 499 4178 sibi
526 4108 723 4198 πομπεύειν,
751 4135 831 4199 quos
858 4112 1002 4178 nondum
1030 4113 1217 4199 scripserat,
1244 4117 1360 4200 utqui
1381 4135 1419 4178 ne

280 4221 452 4286 secundum
480 4219 608 4304 quidem
632 4219 801 4284 dimidium
831 4219 1024 4307 scripserit')
1052 4220 1205 4286 insistens
1233 4222 1352 4287 librum
1376 4242 1420 4286 se

280 4327 420 4393 cundum
447 4329 482 4392 in
512 4327 592 4394 duos
621 4326 746 4411 diuisit,
773 4329 810 4390 ut
837 4327 902 4392 iam
928 4349 988 4412 pro
1017 4331 1169 4412 quattuor
1193 4351 1275 4415 quae
1298 4329 1417 4395 codices

279 4433 411 4500 tradunt
434 4434 653 4500 uoluminibus
676 4433 874 4500 haberentur
895 4434 1044 4521 quinque.
1085 4435 1205 4502 librum
1228 4439 1338 4502 autem
1360 4439 1418 4502 ter·
