3046 5032
418 335 615 392 PROPERTII
632 336 699 390 LlB.
719 335 766 391 IV.
787 342 810 391 V.

222 495 369 562 Murmur
392 498 432 562 ad
456 503 617 564 extremae
640 521 745 584 nuper
767 499 903 563 humata
926 499 1013 582 uiae,

150 600 259 668 udum
282 605 362 668 mihi
386 627 518 670 somnus
543 607 583 670 ab
608 607 750 690 exequiis
774 605 928 690 penderet
951 605 1084 687 amoris,

221 709 266 774 Eli
289 732 439 794 quererer
461 712 537 776 lecti
560 712 679 798 frigida
701 734 803 798 regna
824 713 899 778 mei.

178 816 318 882 Eosdem
342 817 459 883 habuit
482 841 604 904 secum,
627 820 743 903 quibus
767 823 817 884 est
841 820 939 902 slata,
962 819 1111 904 capillos,

220 924 363 989 Eosdem
385 926 511 992 oculos:
534 927 630 991 lateri
654 927 754 992 uestis
779 927 894 992 adusta
916 927 992 1011 fuit,

176 1030 221 1094 ut
244 1029 376 1095 solitum
399 1031 502 1117 digito
525 1033 677 1118 beryllon
701 1032 854 1098 adederat
876 1033 976 1119 ignis.

133 1155 166 1202 10
222 1135 416 1223 Summaque
439 1138 599 1204 Lethaeus
622 1139 759 1205 triuerat
782 1159 839 1204 ora
863 1139 977 1222 liquor.

177 1242 400 1331 Spirantisque
424 1247 549 1310 animos
573 1249 606 1310 et
628 1267 741 1310 uocem
764 1246 867 1330 misit,
890 1247 923 1310 et
945 1245 995 1309 illi

219 1335 397 1418 Pollicibus
420 1353 552 1439 Fragiles
575 1353 762 1437 increpuere
786 1374 914 1416 manus:

147 1509 153 1518 .
177 1457 332 1544 ‘Perfida
354 1481 414 1525 nec
438 1461 587 1544 cuiquam
611 1459 725 1523 melior
748 1458 905 1543 sperande
928 1460 1068 1543 puellae,

220 1564 259 1629 In
282 1569 315 1630 te
337 1567 403 1630 iam
427 1567 512 1630 uires
536 1587 668 1631 somnus
691 1564 811 1629 habere
833 1565 964 1648 potest?

132 1687 166 1736 15
176 1670 286 1736 Iamna
310 1673 372 1737 tibi
395 1672 582 1736 exciderunt
604 1671 754 1757 uigilacis
777 1669 1034 1736 tecta'Suburac

219 1778 265 1842 Et
286 1800 359 1842 mea
381 1777 550 1843 nocturnis
573 1779 653 1843 trita
675 1778 820 1842 fenestra
842 1776 947 1842 dolis?

176 1884 239 1950 Per
263 1907 359 1970 quam
382 1885 522 1980 demisso
547 1885 696 1968 quotiens
719 1884 781 1949 tibi
803 1884 880 1951 fune
903 1884 1057 1969 pependi,
1152 1957 1154 1962 .

221 1992 358 2057 Alterna
380 1992 514 2058 ueniens
537 1993 572 2056 in
594 1995 653 2057 tua
676 1992 761 2056 colla
783 1991 895 2056 manu!

177 2097 280 2183 Saepe
303 2098 414 2164 Venus
437 2099 535 2163 triuio
560 2099 733 2164 commissa
756 2101 807 2162 est
830 2092 961 2182 pectere
985 2100 1100 2182 mixto,

130 2223 166 2271 20
219 2206 379 2271 Fecerunt
401 2207 527 2291 tepidas
550 2206 700 2290 furtaque
722 2209 836 2270 nostra
858 2205 938 2270 uias.

174 2311 327 2380 Foederis
350 2313 414 2378 heu
436 2313 544 2396 taciti,
568 2314 658 2378 cuius
682 2312 812 2378 fallacia
834 2312 934 2376 uerba

219 2417 295 2484 Non
319 2419 459 2484 audituri
483 2419 643 2504 diripuere
667 2418 760 2484 Notil

176 2525 221 2590 At
244 2525 324 2590 mihi
347 2549 414 2591 non
437 2527 548 2592 oculos
573 2526 744 2610 quisquam
767 2525 958 2590 inclamauit
981 2527 1100 2591 euntis:

219 2633 328 2698 Unum
351 2633 562 2716 inpetrassem
585 2635 618 2696 te
641 2635 814 2697 reuocante
838 2632 930 2697 diem.

128 2738 243 2804 aaNec
267 2739 392 2823 crepuit
414 2740 480 2803 fixa
503 2760 554 2802 me
577 2742 712 2822 propter
735 2738 891 2802 arundine
915 2740 1039 2822 custos,

219 2844 328 2910 Laesit
351 2850 384 2910 st
408 2845 568 2909 abiectum
592 2844 703 2930 tegula
726 2847 818 2909 curta
841 2847 945 2929 caput.

155 3162 224 3220 Vm.
243 3182 318 3219 Lacr.
356 3169 373 3216 4
391 3164 514 3218 Marmor
532 3168 555 3215 V
573 3180 608 3217 m.
627 3168 647 3219 2
666 3162 793 3234 Margine
812 3163 842 3217 in
860 3177 877 3220 ς
897 3164 907 3231 ΙΙ
928 3167 943 3215 5
963 3162 998 3216 ab
1017 3163 1141 3233 exequiis
1160 3182 1231 3219 som·

80 3269 135 3306 nus
155 3256 178 3303 V
196 3255 264 3307 m.2
282 3251 352 3320 sipu.
372 3267 466 3319 appas.
483 3253 487 3320 Ι
504 3268 612 3306 amores
626 3256 650 3303 10
669 3269 780 3307 amarus
797 3253 967 3322 Liuineiusl
982 3258 997 3306 6
1012 3255 1140 3320 quereret
1157 3254 1230 3322 10110

81 3339 209 3396 Hosdem
220 3345 239 3392 0
250 3339 286 3407 (et
295 3345 328 3408 10)
346 3339 462 3411 lquibus
478 3341 508 3392 et
521 3339 618 3409 elapsa
626 3345 655 3408 F,
670 3356 739 3396 corr.
753 3358 805 3411 ny.
820 3358 854 3397 m.
869 3345 890 3395 2
903 3340 906 3411 Ι
918 3340 1029 3410 capillis
1043 3347 1064 3393 F
1078 3346 1101 3393 10
1114 3344 1124 3411 l
1138 3342 1232 3397 8E0s·

81 3432 150 3486 dem
163 3433 200 3483 1οε
214 3428 337 3483 Hosdsm
348 3434 367 3481 0
381 3431 391 3498 l
404 3435 420 3483 9
435 3428 556 3483 berillon
567 3433 599 3482 ⁰:
618 3429 740 3496 beryllos
749 3434 773 3481 10
788 3434 793 3498 Ι
809 3429 944 3484 adederat
956 3435 977 3481 r
987 3434 1011 3481 10
1025 3435 1059 3499 (V
1072 3448 1124 3500 mp.
1138 3449 1172 3486 in.
1188 3435 1232 3500 2):

82 3519 231 3574 ademerat
243 3526 265 3572 1>
275 3524 298 3571 V
311 3519 321 3587 l
337 3517 492 3573 101etheus
507 3523 526 3570 0
543 3522 547 3587 Ι
562 3518 686 3573 tinxerat
700 3536 724 3574 o.
739 3519 816 3574 color
830 3519 1000 3574 Schraderus
1018 3519 1028 3587 ΙΙ
1048 3526 1078 3572 11
1094 3521 1189 3574 malim
1202 3520 1231 3573 in

79 3623 182 3662 uocem
206 3609 210 3675 Ι
236 3609 265 3662 et
283 3607 429 3662 Heinsius:
449 3610 480 3662 at
498 3612 517 3659 0
548 3609 558 3676 ΙΙ
592 3614 623 3661 13
643 3608 802 3678 sperandas
820 3616 842 3661 1>
863 3611 898 3678 (ct
915 3609 947 3662 in
965 3612 990 3659 10
1008 3613 1032 3660 et
1050 3609 1081 3661 in
1100 3613 1123 3660 V
1141 3609 1232 3662 cauda

79 3700 133 3752 sub
153 3714 169 3752 e
188 3698 278 3767 unsa)
297 3696 441 3766 Speranda
459 3703 482 3750 V
500 3714 534 3752 m.
553 3701 573 3752 2
595 3699 605 3766 ΙΙ
629 3702 661 3751 15
681 3697 842 3752 exciderant
860 3702 893 3766 0,
912 3713 982 3752 corr.
1001 3696 1124 3766 Scoliyer
1140 3697 1144 3766 Ι
1159 3695 1231 3767 nigi-

80 3786 155 3842 lacis
174 3787 205 3840 in
223 3785 369 3855 uigilantia
388 3802 456 3842 corr.
476 3804 510 3840 m.
530 3790 549 3842 2
568 3793 589 3839 F
605 3790 609 3855 l
625 3789 701 3842 tecta
716 3791 747 3840 ⁰:
766 3786 841 3841 furta
854 3791 877 3838 V
891 3789 1096 3855 snp.rn.2,1ll
1112 3785 1232 3840 suburae

81 3914 143 3980 (rae
162 3912 194 3965 in
212 3913 279 3978 rus.)
298 3916 321 3963 V
341 3887 429 3983 subde
448 3914 484 3964 1οε
503 3911 603 3978 subura
621 3917 642 3963 F
661 3911 753 3966 subire
770 3913 863 3980 11an
882 3910 936 3966 tibi
954 3911 1020 3966 lune
1038 3912 1070 3965 in
1087 3927 1143 3965 ras.
1162 3927 1196 3965 nr.
1211 3914 1231 3963 2

80 4006 106 4054 V
120 4001 130 4069 ΙΙ
145 4006 177 4054 19
196 3998 294 4069 triuio]
313 4001 403 4054 tremo
422 4005 456 4068 F,
476 4015 544 4054 corr.
564 4017 615 4069 usp.
635 4017 668 4056 ru.
689 4004 708 4054 2
725 4002 729 4068 Ι
745 3999 894 4055 commissa
912 4015 941 4057 s:
961 4000 1146 4054 commixtao
1166 4001 1231 4066 (sla

79 4091 115 4158 F)
132 4095 135 4158 Ι
152 4089 236 4144 misto
255 4094 275 4141 r
303 4091 312 4158 Ι]
339 4094 374 4144 20
393 4088 518 4158 trepidas
536 4097 557 4142 D
572 4095 595 4142 V
624 4091 628 4158 Ι
657 4087 787 4158 furtaque
806 4091 918 4158 scripsi:
942 4092 1059 4158 pectora
1078 4093 1096 4139 0
1115 4086 1191 4157 palia
1210 4093 1230 4138 n

80 4196 134 4247 mp.
154 4195 188 4233 m.
208 4181 227 4232 2
245 4177 335 4247 pallia
352 4183 375 4230 V
393 4193 444 4246 inp.
463 4195 497 4233 m.
517 4180 550 4246 2,
568 4181 602 4244 1ος
622 4178 709 4244 fuisse
726 4179 775 4248 qui
792 4177 900 4247 proelia
917 4179 1009 4232 mullet
1030 4182 1131 4256 narrat
1148 4177 1230 4230 Luci·

80 4268 221 4321 iotunnus
239 4267 248 4334 ΙΙ
267 4271 300 4320 22
324 4265 404 4319 nothi
423 4269 481 4317 1010
508 4268 518 4336 ΙΙ
540 4271 573 4319 23
594 4267 689 4321 oculos
708 4283 742 4322 eu
760 4266 847 4322 oculis
866 4284 899 4320 m.
919 4271 934 4320 1
954 4271 978 4318 10
994 4269 998 4334 Ι
1014 4266 1179 4320 inclamauit
1197 4270 1230 4320 0:

81 4353 232 4409 inclinauit
250 4371 266 4412 ς
287 4357 293 4423 Ι
308 4353 419 4408 hiantes
440 4353 575 4408 Heinsius
588 4356 598 4424 ΙΙ
611 4360 646 4409 24
663 4355 774 4425 impatr.
793 4363 814 4408 0
829 4360 854 4407 10
866 4360 889 4407 V
902 4358 912 4424 l
926 4360 959 4408 25
979 4355 1034 4409 fixa
1051 4361 1072 4407 r
1091 4357 1124 4422 (V
1137 4373 1171 4410 ni.
1186 4357 1229 4422 2):

81 4447 147 4498 fissa
165 4447 237 4511 MV,
257 4448 280 4495 V
297 4461 332 4497 iri.
351 4447 367 4495 1
390 4443 401 4511 ll
427 4447 461 4496 26
481 4443 514 4496 ut
532 4443 667 4499 Heinsius
682 4446 686 4514 l
703 4444 845 4500 abiectum
863 4458 880 4501 ς
899 4443 1033 4513 dinetus:
1053 4442 1195 4499 obiectum
1211 4449 1230 4496 0

963 4531 1017 4586 12*
