3052 5044
677 325 873 387 succensu
891 283 958 384 nui.
978 327 1012 385 n.
1031 334 1056 384 a.

434 488 632 573 Appositum
655 489 749 555 flauis
772 490 807 554 in
831 487 998 555 Simoenta
1020 491 1127 576 uadis,

390 594 611 681 Foedauitque
634 620 758 682 comas,
780 601 813 662 et
835 598 919 662 tanti
943 620 1059 681 corpus
1084 595 1221 662 Achillis

436 702 644 789 Maximeque
667 706 701 770 in
723 726 827 788 parua
850 704 983 769 sustulit
1006 727 1081 770 ossa
1102 726 1214 787 mann,

352 809 528 885 nouando
551 810 597 875 ibi
620 833 680 876 ncc
703 811 818 875 Peleus
843 811 956 875 aderat
977 832 1036 875 nec
1060 812 1189 875 caerula
1212 815 1336 895 mater,

435 915 547 1000 Scyria
563 938 629 998 ,nec
652 917 750 982 uiduo
773 917 945 983 Deidamia
967 921 1048 982 toro.

391 1021 481 1087 Tunc
504 1023 605 1106 igitur
628 1024 726 1088 castis
751 1025 914 1109 gaudebat
937 1022 1075 1090 Graecia
1097 1027 1223 1110 nuptis,

435 1129 524 1195 Tunc
549 1132 647 1196 etiam
669 1131 748 1196 felix
771 1132 856 1196 inter
879 1136 912 1196 ct
936 1155 1026 1196 arma
1048 1133 1159 1215 pudor.

393 1235 495 1302 Atta
519 1259 585 1302 non
606 1259 672 1301 una
694 1238 830 1321 potuisti
844 1242 950 1303 ,noae
972 1260 1102 1324 uacare,

347 1359 381 1408 20
436 1343 556 1428 Impia,
579 1364 645 1408 non
667 1365 768 1408 unum
792 1343 863 1408 sola
886 1365 1016 1408 manere
1039 1344 1132 1410 diem.

374 1444 477 1527 'Quin
502 1450 600 1515 etiam
623 1451 725 1514 multo
750 1449 870 1514 duxisti
893 1449 1009 1533 pocula
1031 1451 1110 1516 risu:

433 1556 586 1622 Forsitan
608 1559 642 1620 et
664 1556 703 1619 de
726 1577 777 1620 me
801 1554 902 1619 uerba
924 1555 1015 1619 fuere
1038 1556 1132 1621 mala.

389 1663 453 1729 Hic
476 1663 575 1728 etiam
598 1661 735 1745 petitur,
758 1661 813 1744 qui
836 1664 869 1724 te
892 1661 982 1745 prius
1005 1662 1075 1745 ipse
1097 1663 1239 1747 reliquit.

433 1769 477 1834 Di
499 1769 636 1853 faciant,
658 1768 722 1833 isto
747 1771 841 1851 capta
864 1767 971 1832 fruare
993 1751 1079 1833 uiro!

345 1874 479 1940 aoHaec
503 1874 583 1941 mihi
607 1879 684 1940 uota
706 1879 796 1938 tuam
819 1878 952 1959 propter
975 1879 1126 1958 suscepta
1149 1877 1304 1963 salutem,

435 1981 516 2047 (lum
540 1982 646 2066 capite
669 1981 731 2045 hoc
756 1979 888 2066 Stygiae
911 1981 977 2045 iam
999 1984 1188 2064 poterentur
1211 2005 1332 2068 aquae,

389 2089 576 2154 Eclectum
598 2088 711 2153 flentcs
735 2088 855 2152 circum
879 2092 1038 2152 staremus
1063 2089 1181 2154 amici?

433 2195 507 2281 Dic,
530 2195 586 2260 nbi
610 2203 693 2279 tum,
715 2217 775 2278 pro
800 2193 845 2277 di,
869 2194 1009 2278 perfidus
1033 2196 1095 2261 iste
1118 2177 1203 2261 fuit?

390 2301 473 2378 Quid
497 2303 525 2367 si
547 2303 743 2387 longinquos
765 2301 921 2366 retinerer
944 2301 1037 2366 miles
1061 2293 1101 2366 ad
1124 2302 1237 2386 Indos,

345 2424 380 2472 30
433 2408 501 2472 Ant
523 2431 596 2475 mea
619 2408 646 2473 si
671 2411 771 2472 staret
793 2408 888 2472 nauis
912 2407 945 2470 in
969 2405 1122 2472 Oceano?
1300 2395 1309 2406 ’

391 2513 453 2578 Sed
477 2516 569 2581 uobis
593 2514 688 2579 facile
711 2518 761 2578 est
784 2515 884 2578 uerba
907 2517 941 2578 et
964 2535 1154 2598 componere
1179 2513 1325 2580 fraudes:

434 2621 505 2687 Hoc
528 2644 628 2686 unum
652 2619 764 2684 didicit
785 2619 908 2683 femina
924 2620 1057 2703 'semper
1081 2643 1172 2704 opus.

388 2727 464 2792 Non
488 2729 533 2792 sic
556 2728 678 2792 incerto
702 2729 868 2791 mutantur
890 2727 1019 2790 flamine
1043 2725 1168 2812 Syrtes,

371 3008 438 3064 Vna.
458 3027 532 3064 anon.
572 3013 604 3062 12
624 3008 788 3080 Appositum
809 3016 830 3061 D
845 3015 879 3063 V:
899 3007 1077 3077 Propositum
1094 3014 1153 3061 Π
1174 3010 1179 3077 Ι
1199 3008 1279 3063 flanis
1298 3009 1456 3066 Heinsius:
1509 3003 1510 3020 ³

300 3095 392 3150 fluuiis
412 3100 444 3164 0,
463 3113 516 3165 quo
534 3103 643 3152 seruato
661 3097 741 3168 uagis
766 3098 890 3166 Uuperus
910 3096 1054 3150 Xanthum
1072 3097 1235 3167 tutelleyena
1255 3097 1344 3152 fuluis
1362 3116 1381 3157 ς
1396 3102 1408 3169 Ι
1425 3107 1458 3154 13

301 3190 331 3242 et
348 3186 422 3241 tanti
440 3192 599 3255 consutam
617 3188 740 3251 uidetur3
760 3186 796 3240 ad
814 3184 903 3240 functi
922 3203 945 3239 c.
965 3184 1066 3240 Achiui
1084 3184 1117 3240 L.
1139 3187 1292 3242 Muellerus
1305 3188 1379 3242 male
1395 3191 1459 3258 (nec

300 3278 372 3330 enim
390 3275 501 3330 functus
515 3293 569 3346 pro
588 3260 714 3330 mortuus
728 3275 851 3343 positum
870 3275 956 3328 bonae
976 3275 1124 3329 latinitatis
1142 3277 1205 3343 est),
1223 3277 1321 3330 melius
1341 3277 1458 3334 siccans

299 3365 352 3420 tibi
381 3382 404 3420 c.
423 3364 533 3420 Achille
559 3365 656 3420 Theod.
680 3364 791 3418 Bittius
820 3364 939 3436 (symbol.
965 3364 1003 3418 ad
1026 3364 1087 3419 luet.
1112 3365 1217 3418 uuam.
1242 3366 1304 3432 lat,
1332 3365 1459 3422 Bonnac

300 3460 419 3524 187610.
441 3455 501 3524 37);
531 3455 660 3522 optimum
678 3457 750 3521 puto
773 3454 805 3506 nt
828 3454 940 3520 raptum
959 3469 1059 3520 corpas
1083 3452 1120 3504 ab
1137 3451 1198 3520 igni
1222 3451 1355 3518 (atlanti
1374 3471 1402 3510 c.
1422 3456 1456 3510 A.

301 3544 382 3600 Gonu.
402 3544 582 3611 Rossocrya'us
595 3558 698 3610 parum
717 3546 779 3609 apte
793 3546 857 3608 poet
875 3559 902 3595 u.
924 3542 968 3609 11)
998 3540 1002 3609 Ι
1027 3539 1138 3594 achillis
1157 3544 1190 3594 0:
1209 3538 1307 3593 achilli
1325 3546 1352 3592 Π
1378 3543 1390 3610 ΙΙ
1425 3550 1458 3596 14

300 3630 434 3688 substulit
451 3632 496 3700 ῈΙΙ
510 3635 542 3683 15
563 3628 679 3694 Quando
698 3627 737 3682 ibi
754 3629 837 3682 Itali:
857 3627 947 3693 Quom
967 3629 1049 3696 (Quo)
1067 3627 1120 3681 tibi
1138 3633 1161 3679 1>
1174 3631 1198 3678 V
1217 3626 1286 3681 (lum
1305 3629 1362 3684 tibi
1374 3635 1398 3681 Β
1410 3637 1436 3683 Π
1452 3635 1456 3702 1

301 3715 763 3786 peleus-Vnt.2‚1l:pelleus0
790 3719 800 3786 l
829 3722 861 3770 16
890 3715 979 3770 Sciria
996 3722 1017 3768 3
1033 3718 1038 3784 l
1057 3717 1120 3769 toro
1140 3715 1224 3770 Itali:
1248 3715 1351 3771 niroo
1378 3721 1391 3788 l
1423 3726 1456 3775 ll

301 3804 385 3858 castis
404 3811 425 3856 n
440 3810 475 3859 V:
494 3805 562 3860 uiris
580 3811 638 3857 Π
656 3805 730 3859 neris
746 3821 774 3870 53
794 3805 914 3860 caninas
933 3805 1037 3875 corlisl
1053 3803 1163 3875 graetia
1176 3808 1199 3855 V
1215 3806 1219 3871 1
1235 3805 1333 3874 nuptis
1351 3811 1459 3878 scripsi

301 3893 395 3963 (Mino.
416 3893 483 3948 Gru
499 3911 529 3962 p.
549 3897 607 3963 86):
625 3893 736 3948 natiso
759 3896 769 3964 ΙΙ
791 3901 823 3949 21
844 3893 948 3948 duxisti
968 3898 1001 3948 0:
1020 3892 1138 3946 duxistis
1155 3897 1179 3943 ll
1197 3893 1207 3960 ΙΙ
1225 3898 1260 3946 24
1280 3893 1326 3948 Dii
1347 3901 1367 3947 0
1390 3899 1456 3963 lsa-

300 3983 374 4037 tiaut
391 3988 415 4034 ll
442 3984 452 4052 l
479 3988 512 4036 33
540 3981 599 4036 Nec
622 3987 656 4050 p,
680 3981 758 4047 Quae
776 3983 942 4037 Kuinoeltuc
959 3982 997 4036 Et
1015 3981 1211 4036 Lachmannus
1233 3982 1244 4052 ΙΙ
1269 3988 1305 4037 36
1324 3983 1407 4054 capit
1427 3990 1459 4056 (u

300 4088 388 4139 supra
406 4071 426 4142 i)
454 4069 500 4124 hic
527 4076 562 4138 F,
588 4086 657 4126 corr.
677 4076 750 4126 m.2
784 4073 789 4139 Ι
823 4073 985 4142 poterentur·
1003 4076 1039 4124 ll:
1064 4071 1230 4139 potarentur
1248 4077 1269 4122 F
1287 4073 1459 4140 peterentur

299 4169 321 4214 ll
336 4164 359 4211 V
380 4162 390 4229 ΙΙ
413 4165 447 4214 28
465 4158 518 4215 Dic
536 4159 570 4213 G.
592 4158 622 4212 Τ.
642 4158 794 4228 Sininyar:
814 4159 866 4215 Hic
886 4165 904 4211 0
926 4159 931 4225 Ι
951 4176 1002 4228 pro
1022 4158 1061 4212 dii
1079 4163 1136 4210 Η
1154 4161 1186 4213 tu
1197 4200 1276 4214 .....
1287 4159 1328 4214 dii
1348 4163 1417 4228 (ras.
1439 4171 1456 4217 5

300 4250 363 4316 la'tt.)
382 4253 405 4300 V
422 4266 456 4305 u.
476 4254 491 4302 1
516 4251 558 4319 (td
578 4247 648 4317 proh
674 4246 713 4300 dii
732 4263 766 4301 m.
786 4251 816 4313 3)
839 4249 908 4316 proh
933 4247 972 4300 dii
991 4253 1014 4298 ll
1044 4253 1048 4316 j
1078 4247 1201 4316 perfidus
1224 4247 1278 4302 iste
1298 4249 1456 4307 Marklan-

300 4335 365 4388 dum
384 4337 490 4404 perfida
507 4335 605 4404 quisue
625 4339 682 4403 (na
701 4338 770 4404 r)0
802 4337 811 4405 ΙΙ
842 4343 876 4391 30
900 4353 1021 4391 occeano
1039 4341 1133 4390 Mu
1168 4339 1173 4408 Ι
1206 4343 1240 4392 33
1264 4336 1455 4414 incertam}

300 4420 419 4476 sirtasr
