3052 5044
488 317 683 371 PROPERTII
703 319 771 372 LIB.
790 317 823 372 11.
844 325 886 374 30.

241 476 311 544 Nos
335 479 430 544 modo
453 482 671 564 propositum,
695 483 776 565 uita,
798 487 940 546 teramus
964 483 1034 546 iter.

143 585 330 650 lolllorum
355 586 498 670 antiquis
522 591 695 652 onerantur
718 589 843 674 legibus
868 611 975 652 aures:

240 691 301 758 Hic
324 693 415 758 locus
440 697 504 775 est,
525 695 560 758 in
584 717 660 779 quo,
685 695 766 759 tibia
789 695 898 777 docte,
923 715 1033 778 eones,

194 799 282 874 Quae
307 820 372 863 non
395 800 463 863 iure
487 799 570 864 uado
595 799 761 866 Maeandri
784 802 869 866 iacta
892 801 1028 884 notasti,

240 905 361 988 Turpia
384 928 456 970 cum
480 906 602 972 faceret
625 907 765 972 Palladis
789 930 845 972 ora
868 911 983 972 tumor.

671 1055 687 1094 ss

579 1143 597 1181 *
757 1143 775 1182 1(

194 1259 281 1326 Num
306 1266 354 1344 tu,
378 1262 471 1345 dura,
494 1284 589 1346 paras
613 1261 772 1347 Phrygias
795 1285 880 1328 nunc
903 1263 950 1326 ire
973 1285 1031 1347 per
1053 1265 1157 1329 undae

145 1386 183 1434 20
241 1369 286 1432 Et
307 1373 418 1452 petere
441 1367 585 1453 Hyrcani
609 1371 706 1434 litora
728 1369 830 1452 longa
853 1369 952 1434 maris

195 1473 417 1560 Spargereque
441 1479 574 1540 externa
597 1497 781 1540 communes
806 1476 901 1540 caede
926 1475 1062 1540 Penates

242 1581 286 1646 Et
309 1582 392 1646 ferre
417 1582 456 1646 ad
480 1583 606 1665 patrios
629 1582 772 1666 praemia
796 1582 866 1647 dira
889 1581 1009 1646 Lares?

672 1748 690 1786 aa

582 1837 600 1875 *
760 1837 779 1876 ss

195 1957 304 2022 Unum
328 1961 515 2022 contentum
539 1955 659 2040 pudeat
682 1977 733 2019 me
756 1956 867 2021 uiuere
892 1957 1017 2021 amica?

238 2063 309 2128 Hoc
334 2065 361 2128 si
385 2065 507 2128 crimen
530 2063 605 2141 erit,
629 2063 751 2127 crimen
774 2062 904 2127 Amoris
929 2065 1005 2128 erit:

151 2188 186 2235 aa
198 2169 243 2234 Mi
268 2193 363 2235 nemo
388 2170 516 2234 obiciat.
539 2169 641 2234 libeat
663 2168 735 2245 tibi,
760 2167 912 2252 Cynthia,
935 2191 1061 2234 mecum

241 2276 362 2342 Rorida
386 2277 543 2340 muscosis
568 2280 661 2340 antra
685 2281 793 2338 tenere
815 2276 910 2358 iugis.

194 2385 267 2449 Illic
290 2384 428 2467 aspicies
452 2383 592 2467 scopulis
615 2384 748 2447 haerere
773 2405 898 2446 sorores

240 2489 284 2554 Et
306 2511 420 2553 canere
445 2490 570 2574 antiqui
594 2490 700 2555 dulcia
723 2490 811 2554 furta
834 2488 937 2572 Iouis,

194 2597 241 2662 Ut
264 2585 389 2660 Semele
413 2599 463 2660 est
486 2597 687 2680 combustus,
711 2600 747 2659 ut
769 2599 819 2660 est
843 2595 1027 2678 deperditus
1051 2596 1102 2675 Ιο,

150 2721 185 2770 3ο
240 2701 387 2787 Denique
411 2707 447 2767 ut
470 2703 510 2767 ad
534 2703 629 2768 Trois
653 2707 739 2768 tecta
764 2703 883 2768 uolarit
907 2705 987 2766 auis.

195 2809 288 2886 Quod
313 2810 340 2872 si
364 2832 457 2875 nemo
482 2813 583 2888 extat,
608 2812 662 2896 qui
685 2811 802 2875 uicerit
826 2809 913 2874 alitis
938 2831 1040 2893 arma,

176 3093 245 3147 Van.
266 3112 339 3146 osor.
391 3098 424 3145 15
453 3095 603 3146 onerantur
621 3097 653 3145 0:
673 3095 822 3147 onerentur
842 3111 857 3151 ς
877 3097 1010 3148 ornentur
1028 3099 1050 3144 V
1068 3111 1119 3162 my.
1139 3111 1172 3150 m.
1193 3101 1212 3150 2
1244 3097 1253 3166 11

103 3191 138 3236 16
157 3181 239 3250 tybia
256 3186 279 3233 11
304 3185 308 3248 1
336 3197 414 3234 senes
433 3186 454 3233 P
472 3199 506 3235 m.
526 3188 541 3235 1
562 3184 642 3235 sonet
659 3185 718 3233 DV
744 3185 754 3250 1
783 3188 814 3236 17
835 3182 981 3236 menandri
999 3187 1031 3250 0,
1051 3185 1082 3237 ia
1100 3188 1123 3235 11
1141 3173 1176 3239 mj
1194 3191 1214 3240 2
1233 3203 1253 3238 n

96 3273 183 3340 prior
201 3275 358 3339 cumpuncta
385 3272 395 3339 11
424 3276 455 3324 18
475 3269 596 3338 palladis
615 3275 651 3323 1:
671 3270 793 3340 pallidus
814 3275 832 3322 0
856 3275 859 3337 1
884 3273 976 3326 tumor
995 3276 1017 3321 V
1035 3289 1086 3340 mo.
1105 3290 1138 3326 m.
1160 3277 1254 3339 2,11;

101 3362 189 3414 timor
208 3361 297 3428 0119
316 3359 391 3412 Num
410 3359 545 3428 Seaiiyer:
572 3360 652 3412 Nunc
672 3363 690 3410 0
710 3359 783 3428 (Non
803 3364 839 3426 11,
859 3375 935 3413 cora
947 3362 1011 3429 my)
1028 3361 1083 3429 l'tu
1102 3365 1161 3412 DV
1179 3363 1253 3428 (etr

102 3467 138 3503 m.
158 3455 178 3504 2
197 3449 375 3516 caprotina:
404 3465 453 3502 om.
474 3454 494 3500 r
517 3449 573 3502 iam
592 3453 614 3498 V
633 3465 684 3518 my.
704 3466 737 3504 m.
756 3455 776 3503 2
795 3450 890 3502 tamen
909 3453 945 3514 111
969 3450 1083 3514 sortasse
1108 3447 1169 3500 Tun
1193 3449 1253 3500 tam

103 3539 149 3592 uel
168 3537 230 3590 Tun
249 3554 265 3590 o
282 3539 286 3605 1
302 3536 372 3590 dura
391 3553 472 3605 paras
492 3542 526 3591 0:
547 3538 614 3591 dure
633 3555 716 3607 paras
737 3555 752 3595 ς
772 3537 901 3591 inmerito
916 3542 940 3589 Η
959 3538 1119 3605 interpolate
1134 3539 1139 3605 1
1154 3535 1252 3605 frigiae

103 3633 124 3678 1¹
149 3629 159 3695 1
182 3631 216 3680 00
235 3624 344 3679 hircani
363 3632 383 3677 r
400 3629 403 3694 1
420 3626 506 3695 longa
524 3642 583 3695 eqo:
608 3629 676 3680 nota
695 3631 714 3678 0
734 3627 792 3680 lata
811 3627 945 3680 Heinsius
964 3626 1038 3680 nuda
1058 3626 1254 3679 Lachmannus

103 3715 165 3769 an
183 3715 303 3768 Jacoous
321 3715 408 3768 nauta
427 3715 621 3784 Hertabcrqiue
640 3717 649 3783 11
677 3721 709 3768 01
737 3715 928 3784 Spargereque
948 3720 979 3768 0:
1001 3715 1138 3785 Spargere
1158 3716 1186 3768 et
1204 3718 1228 3765 Η
1249 3713 1252 3785 1

104 3807 222 3858 externa
241 3802 376 3872 &meum
396 3802 506 3857 alterna
526 3807 544 3854 0
558 3802 561 3873 1
574 3819 706 3857 comunes
724 3811 746 3855 1)
761 3807 783 3856 V
796 3804 806 3872 11
820 3810 853 3856 00
873 3804 945 3875 dira]
961 3805 1046 3872 digna
1060 3809 1082 3854 V
1096 3821 1146 3874 my.
1162 3822 1196 3858 m.
1212 3804 1255 3874 211

105 3901 139 3948 03
159 3893 251 3947 Unum
271 3893 371 3960 scripsi
390 3893 459 3959 (coll.
479 3909 506 3945 u.
526 3893 585 3960 32):
604 3893 667 3945 Una
685 3893 725 3959 01
746 3892 857 3946 amicha
874 3898 895 3945 1‘
918 3895 928 3961 11
951 3898 984 3946 05
1003 3910 1095 3947 memo
1115 3897 1138 3944 11
1155 3911 1190 3946 m.
1210 3899 1225 3946 1
1249 3893 1251 3964 1

103 3983 190 4038 liceat
208 3981 292 4037 modo
312 3997 334 4034 c.
355 3983 448 4034 tecum
468 3985 491 4030 V
509 3998 559 4049 mo.
579 3999 612 4036 m.
633 3987 652 4036 2
674 3983 684 4050 1
703 3987 738 4036 06
756 3980 861 4036 Rorida
880 3986 912 4035 0:
931 3981 1051 4036 Roscida
1071 3997 1086 4038 ς
1103 3985 1107 4048 1
1123 3982 1253 4035 deterrere

105 4077 128 4124 11
147 4090 181 4126 m.
196 4077 212 4124 1
228 4074 237 4140 11
251 4077 284 4124 00
304 4071 342 4124 Et
354 4076 375 4124 r
389 4087 422 4124 m.
439 4075 454 4123 1
472 4074 475 4132 1
493 4069 596 4122 semele
610 4074 676 4123 DV:
696 4069 782 4123 semel
796 4075 816 4120 r
832 4069 937 4123 semela
949 4073 973 4120 Η
987 4087 1053 4122 oum
1068 4069 1229 4122 Semelast?
1245 4082 1252 4138 1

105 4167 139 4215 30
159 4159 240 4214 Trois
258 4159 452 4214 Ruicuiceuius:
477 4158 588 4226 troi(a)e
608 4162 626 4209 0
652 4159 656 4225 1
682 4156 785 4211 notarit
803 4160 825 4209 V
849 4174 882 4210 m.
902 4163 935 4222 2,
954 4161 978 4208 Η
996 4175 1029 4212 m.
1049 4162 1081 4211 2:
1106 4157 1215 4211 nolaret
1233 4162 1252 4209 0

107 4249 197 4304 uolari
216 4254 239 4301 11
257 4267 291 4304 m.
311 4251 351 4318 111
365 4255 408 4316 31,
426 4255 460 4302 30
476 4249 572 4316 potius
587 4251 650 4315 post
668 4253 702 4300 36
720 4245 871 4314 ponendos,
895 4250 951 4298 tum
971 4249 1074 4298 13-18
1097 4246 1255 4300 inserendos

108 4339 166 4404 (hoc
190 4343 339 4405 praeeunte
361 4339 397 4391 A.
417 4337 560 4390 Lindaero
582 4337 614 4390 io
637 4336 769 4389 Fleckeis.
795 4351 859 4388 aaa.
884 4351 908 4386 a.
931 4337 998 4386 1864
1022 4349 1050 4400 p.
1071 4335 1132 4401 837)
1157 4336 1256 4389 statuit

107 4426 185 4481 Geor.
205 4425 384 4497 Rossbcroius
406 4443 460 4481 ooo
479 4426 571 4494 molet!
585 4431 618 4478 31
638 4426 702 4479 olim
720 4423 823 4478 conieci
840 4421 945 4491 fugerit
