3052 5044
637 327 831 385 Pnopnn'ru
849 328 915 383 LIB.
936 327 971 384 ΙΙ,
991 334 1033 384 27.
1053 331 1094 382 28.

427 495 531 560 Purus
556 497 589 558 et
611 493 725 577 Orion,
748 515 848 576 purus
873 496 905 555 et
926 491 1060 555 Haedus
1083 490 1153 554 erit.

383 599 474 676 Quod
500 600 580 665 mihi
603 602 631 666 si
654 600 806 684 ponenda
829 603 885 662 tuo
910 599 954 662 sit
976 619 1111 681 oorpore
1134 596 1233 679 uita,·

427 706 553 772 Exitus.
567 707 620 772 hie
645 707 740 772 nobis
763 728 830 770 non
852 705 1046 769 inhonestus
1070 703 1139 767 erit.

795 1117 940 1191 XXVIL

383 1275 429 1340 At
453 1298 512 1340 uos
535 1253 705 1359 incertam,
729 1276 896 1357 mortales,
919 1273 1042 1338 funeris
1065 1272 1179 1335 horem

428 1381 603 1464 Quaeritis,
628 1385 661 1445 et
685 1404 748 1466 qua
771 1382 813 1446 sit
836 1402 923 1445 mors
948 1380 1075 1444 aditura
1098 1379 1165 1456 uia,

384 1486 546 1564 Quaeritis
570 1492 603 1552 et
626 1489 715 1554 eaelo
739 1487 938 1552 Phoenicum
961 1487 1095 1552 inuenta
1118 1505 1247 1566 sereno,

429 1592 519 1668 Quae
543 1595 587 1659 ait
612 1595 707 1658 stella
730 1593 855 1658 homini
878 1593 1048 1658 commoda
1071 1611 1215 1682 quaeque
1239 1589 1340 1653 mala.

359 1698 449 1764 oseu
473 1699 609 1783 pedibus
632 1698 773 1764 Parthos
797 1700 962 1783 sequimur
986 1722 1042 1764 seu
1066 1699 1168 1763 olasse
1190 1694 1393 1759 Britannos:

427 1805 473 1870 Et
495 1806 594 1870 maris
619 1810 651 1870 et
673 1809 778 1870 terrae
802 1828 896 1871 caeca
919 1806 1039 1889 periela
1061 1805 1148 1888 uiae3

384 1911 508 1976 Rursus
533 1916 566 1978 et
589 1913 750 1976 obiectum
765 1912 886 1994 ‚flemus
910 1913 1009 1995 ospiti
1033 1933 1104 1976 esse
1127 1910 1317 1992 tumultum,

429 2017 510 2084 Cum
533 2017 665 2084 Mauors
690 2019 804 2089 dubias
829 2019 944 2083 misoet
966 2019 1128 2108 utrimque
1151 2038 1275 2080 manus.

383 2125 555 2191 Praeterea
578 2125 726 2191 domibus
749 2126 913 2191 flammam
937 2127 1119 2212 metuisque
1142 2125 1264 2207 ruinas,

342 2250 374 2297 10
429 2232 502 2298 Neu
526 2234 663 2297 subeant
685 2232 786 2320 labris
811 2234 927 2316 poeula
949 2232 1045 2317 nigra
1067 2232 1145 2296 tuis!
1264 2213 1267 2218 ¹

385 2338 478 2404 Solus
502 2363 614 2404 amans
637 2339 744 2421 nouit,
768 2339 896 2424 quando
920 2339 1084 2422 periturus
1109 2342 1142 2401 et
1165 2359 1184 2400 a
1207 2358 1270 2419 qua

428 2446 548 2531 Morte,
570 2467 674 2531 neque
698 2445 750 2509 hio
775 2445 897 2509 Boreae
921 2444 1025 2509 flabra
1047 2465 1106 2508 neo
1130 2464 1220 2506 arma
1242 2441 1352 2524 timet3

385 2551 454 2615 Iam
478 2552 554 2616 lieet
577 2555 609 2615 et
633 2550 749 2635 Stygia
772 2550 882 2614 sedeat
905 2551 965 2614 sub
990 2550 1145 2614 arundine
1168 2569 1291 2631 remex,

430 2657 550 2724 Cernat
572 2664 605 2722 et
628 2658 773 2722 infernae
796 2657 906 2722 tristia
929 2657 1003 2721 uela
1025 2658 1120 2720 ratis:

342 2782 374 2829 15
386 2763 420 2829 Si
444 2766 539 2829 modo
563 2765 733 2830 clamantis
757 2765 958 2828 reuocauerit
982 2786 1061 2828 aura
1085 2763 1224 2847 puellae,

429 2869 625 2936 Concessum
648 2870 739 2933 nulla
760 2871 832 2954 lege
855 2870 974 2934 redibit
996 2871 1067 2934 iter.

761 3049 974 3057 m

367 3167 434 3222 Vsu.
454 3186 527 3220 ruer.
583 3173 617 3221 56
649 3167 737 3221 hedua
760 3173 796 3222 ll:
825 3169 893 3222 edus
916 3175 937 3221 Ε
961 3168 1046 3223 aedus
1068 3171 1128 3219 DV
1159 3170 1169 3238 n
1200 3174 1234 3223 57
1269 3168 1342 3234 Quid
1366 3176 1405 3238 1),
1426 3175 1452 3221 V

295 3260 422 3324 ru.1‚1l

367 3361 479 3416 XXVII.
525 3361 610 3415 Noua
633 3362 718 3429 eleqe'a
741 3379 802 3415 eum
825 3363 906 3415 tilulo
929 3363 964 3416 de
989 3363 1098 3417 ineerta
1120 3363 1190 3418 hora
1213 3365 1311 3418 mortis
1330 3366 1394 3434 (osu.
1414 3368 1450 3433 V)

295 3452 327 3504 iu
346 3453 417 3519 ⁰d1
437 3448 526 3502 Alo:
546 3449 618 3506 ute
638 3450 648 3518 ΙΙ
671 3455 687 3502 3
707 3449 827 3502 fenicum
845 3451 962 3504 iuuenta
980 3453 1009 3518 (u
1027 3467 1115 3518 supra
1133 3451 1274 3520 inposuit
1291 3471 1327 3507 m.
1346 3455 1377 3520 2)
1399 3454 1450 3524 Pit

297 3544 321 3606 5,
342 3544 436 3607 oport
457 3545 488 3591 12
507 3539 615 3590 traiecit
634 3536 833 3591 Helueree'ollus
859 3539 868 3607 ΙΙ
896 3543 911 3590 5
937 3537 1078 3606 sequimur
1097 3544 1129 3593 οε
1150 3540 1312 3608 sequiturs
1342 3543 1346 3608 Ι
1376 3541 1445 3596 brit·

296 3629 396 3680 teunos
419 3631 443 3678 ll
470 3631 479 3695 ΙΙ
507 3633 522 3679 6
551 3641 634 3680 eaeoa
656 3625 772 3694 perinde
795 3627 843 3679 uia
861 3627 905 3679 est
929 3627 1184 3696 Wuurdeuburqius
1215 3633 1225 3697 u
1249 3636 1263 3683 7
1291 3630 1391 3683 flemus
1412 3636 1444 3683 0:

297 3713 378 3766 fletus
397 3718 421 3765 n
438 3714 511 3768 fletis
531 3729 548 3771 ς
568 3718 572 3781 Ι
590 3714 675 3783 capiti
693 3722 715 3769 n
730 3718 752 3764 V
771 3717 805 3780 (et
818 3720 839 3766 Ε
853 3731 904 3783 my.
920 3733 954 3770 m.
969 3719 1013 3786 2):
1034 3719 1119 3785 eaput
1136 3722 1157 3768 F
1172 3722 1209 3784 Η,
1228 3719 1302 3772 unde
1320 3721 1446 3774 tumultu

298 3800 330 3852 L.
352 3801 504 3855 Muellerus
530 3802 539 3868 ΙΙ
566 3808 582 3855 8
610 3803 726 3870 uterque
744 3809 766 3854 1)
793 3803 803 3870 ΙΙ
830 3809 846 3856 9
872 3803 956 3857 flama
974 3809 996 3855 V
1014 3804 1176 3861 flemmass
1202 3807 1206 3874 Ι
1231 3806 1391 3876 metuisque
1410 3809 1444 3864 L.

299 3889 464 3942 Muellerus:
493 3887 674 3957 domibusque
698 3896 716 3942 0
746 3890 919 3959 dominisque
942 3892 1139 3947 Luolmauuus
1167 3897 1171 3962 Ι
1201 3894 1295 3948 ruinas
1319 3911 1388 3950 cerr.
1415 3899 1445 3950 iu

297 3977 378 4030 ruina
396 3982 418 4027 V
437 3993 471 4030 m.
491 3983 510 4034 2
533 3979 543 4046 ΙΙ
567 3983 599 4030 10
618 3978 693 4046 Neu,
712 3997 731 4032 u
749 3996 782 4031 m.
802 3985 821 4033 2
840 3985 997 4047 suppuuolu
1015 3984 1038 4031 V
1058 3983 1063 4050 Ι
1086 3981 1142 4035 suis
1161 3981 1356 4039 Broulellusius
1377 3986 1388 4054 [Ι
1414 3991 1444 4038 12

297 4066 416 4119 beraeae
435 4069 459 4116 Η
475 4069 478 4133 Ι
494 4082 545 4120 nee
563 4073 584 4118 1)
599 4069 636 4118 V:
654 4082 744 4135 neque
762 4071 821 4118 nn
839 4068 874 4133 (et
892 4071 914 4118 V
932 4085 966 4122 ur.
981 4071 1011 4136 2)
1025 4072 1035 4138 d
1051 4075 1083 4122 13
1103 4071 1193 4139 liquet
1211 4077 1232 4123 F
1250 4089 1284 4125 m.
1305 4079 1321 4126 1
1339 4075 1343 4142 1
1361 4073 1446 4144 stigie

297 4158 356 4205 llll
372 4157 376 4221 l
392 4155 498 4224 remex]
512 4169 638 4208 maerens
652 4154 851 4208 Heimree'olrlus
864 4155 874 4223 ΙΙ
891 4161 922 4208 14
937 4154 1039 4210 Cernat
1052 4163 1119 4212 ru:
1140 4157 1239 4213 Seruat
1253 4165 1309 4214 DV
1324 4164 1446 4231 (uterque

298 4257 349 4308 my.
374 4258 427 4308 pro
452 4260 513 4296 uur.
537 4243 593 4297 lect.
619 4241 725 4309 cernat)
749 4240 847 4296 Soluat
869 4243 1073 4312 Broulrlrusius;
1101 4263 1154 4315 quo
1176 4254 1281 4316 recepto
1304 4251 1344 4304 sie
1363 4252 1445 4306 iuter·

296 4329 444 4392 puuuerlm
465 4329 612 4398 arundine,
639 4345 733 4383 remex
752 4329 851 4384 Soluat
869 4333 898 4384 et
927 4333 937 4402 t
971 4337 1002 4385 15
1031 4333 1180 4389 elementis
1207 4342 1238 4390 0:
1263 4337 1407 4394 damnetis
1425 4346 1447 4391 v

298 4428 349 4479 ηις.
368 4430 402 4465 ru.
422 4418 441 4468 2
460 4415 620 4470 demnatum
641 4433 657 4474 ς
